4412 5948
460 821 505 884 10
826 820 1072 884 CHARTERS
1103 821 1200 884 AND
1231 821 1510 886 DOCUMENTS

459 1029 499 1073 ex
535 1005 622 1072 dono
658 1005 822 1095 quondam
852 1006 989 1072 Roberti
1019 1006 1059 1072 de
1096 1005 1273 1072 Loudoniis
1303 1008 1412 1072 fratris
1441 1008 1604 1096 quondam
1634 1011 1734 1098 Regis
1768 1012 1875 1077 Scotie

459 1110 637 1187 obtinetis;
659 1113 707 1178 Et
720 1134 863 1177 annuum
883 1110 1046 1176 redditum
1067 1112 1161 1176 unius
1184 1113 1310 1177 marche
1331 1113 1458 1200 argenti
1481 1136 1576 1200 quem
1600 1116 1765 1204 percipitis
1786 1117 1875 1205 apud

458 1214 607 1282 Kilbride
621 1239 661 1280 ex
675 1215 762 1281 dono
777 1215 938 1303 quondam
955 1214 1100 1304 Philippi
1116 1215 1157 1281 de
1173 1215 1309 1292 Valons;
1331 1218 1384 1281 Ex
1398 1216 1485 1282 dono
1501 1218 1664 1303 quondam
1688 1219 1874 1286 Maldoveni

458 1319 584 1385 comitis
598 1316 640 1384 de
654 1319 787 1385 Lennax
802 1319 971 1408 piscariam
986 1341 1081 1406 super
1095 1341 1211 1405 aquam
1223 1317 1264 1384 de
1279 1319 1396 1408 Levyn
1412 1342 1475 1407 que
1486 1321 1629 1387 Linbren
1645 1330 1789 1402 vocatur,
1800 1348 1872 1390 cum

459 1430 545 1490 terra
558 1445 622 1509 que
633 1422 722 1510 jacet
736 1423 822 1488 inter
837 1421 1013 1511 predictam
1030 1423 1196 1510 piscariam
1213 1429 1248 1488 et
1264 1446 1411 1509 magnam
1428 1423 1511 1488 viam
1528 1447 1692 1512 perquam
1704 1427 1773 1491 itur
1784 1427 1872 1515 apud

458 1525 662 1592 Dumbertan
677 1527 761 1592 sicut
776 1525 866 1591 vobis
883 1549 953 1590 eam
975 1526 1161 1612 assignavit,
1176 1549 1249 1591 curn
1273 1527 1476 1614 pertinentiis
1500 1528 1586 1605 suis;
1608 1530 1656 1594 Et
1677 1536 1778 1595 terras
1800 1554 1871 1596 cum

458 1629 661 1718 pertinentiis
676 1629 740 1694 suis
754 1652 835 1716 quas
850 1628 976 1694 habetis
991 1629 1024 1693 in
1039 1629 1197 1695 comitatu
1213 1629 1254 1694 de
1274 1630 1405 1695 Lennax
1428 1654 1492 1717 que
1515 1633 1755 1720 Coupmanach,
1770 1634 1872 1699 Edin·

455 1734 588 1811 beman,
603 1733 762 1811 Bacchan,
778 1733 964 1813 Finbelach,
979 1733 1259 1819 Cragbrectalach,
1280 1735 1477 1812 Druncrene,
1500 1735 1730 1816 Dallenenach,
1752 1739 1871 1804 Drum-

456 1838 602 1918 toucher,
638 1837 933 1924 Drumteyglunan,
962 1837 1230 1926 Drumdeynanis,
1261 1837 1410 1926 Cultbvy
1440 1846 1473 1904 et
1505 1839 1667 1926 Reynfod,
1697 1841 1872 1929 vulgariter

457 1949 697 2030 nuncupantur,
711 1942 794 2007 sicut
805 1942 839 2006 in
853 1941 972 2006 litteris
987 1942 1062 2007 inde
1073 1941 1225 2006 confectis
1236 1941 1361 2030 plenius
1372 1941 1492 2007 dicitur
1501 1944 1657 2010 contineri
1672 1971 1680 2022 ;
1703 1946 1751 2012 Et
1765 1945 1870 2012 totain

399 2075 407 2088 ·
458 2054 576 2114 terram
591 2069 687 2134 quarn
704 2045 831 2112 habetis
846 2045 879 2110 iu
894 2045 965 2110 loco
980 2047 1035 2133 qui
1051 2046 1172 2112 dicitur
1187 2045 1449 2112 Monachlrenran
1471 2071 1543 2112 cum
1563 2049 1766 2136 pertinentiis
1786 2053 1871 2128 suis;

457 2153 505 2218 Et
521 2159 637 2217 terram
653 2173 724 2216 cum
741 2150 944 2238 pertinentiis
959 2151 1023 2215 suis
1038 2173 1136 2237 quarn
1159 2152 1352 2216 monasterio
1376 2159 1480 2216 vestro
1503 2153 1643 2219 contulit
1664 2154 1754 2242 apud
1776 2157 1871 2244 Moy-

457 2254 562 2321 dirual
577 2253 740 2343 quondam
755 2255 897 2319 Thomas
912 2253 996 2318 filius
1010 2252 1197 2330 'l'anlranli3
1220 2256 1267 2320 Et
1281 2262 1399 2320 terram
1415 2278 1487 2320 curn
1503 2258 1707 2344 pertinentiis
1729 2260 1793 2323 suis
1808 2282 1871 2347 que

458 2367 592 2425 vocatur
606 2361 717 2448 Garyn
732 2381 829 2446 quam
846 2359 1039 2423 monasterio
1055 2365 1160 2423 vestro
1182 2359 1322 2425 contulit
1344 2360 1507 2446 quondam
1530 2361 1692 2426 Rodulfus
1714 2361 1754 2427 de
1776 2364 1871 2438 Cler;

456 2465 509 2529 Ex
524 2462 610 2528 dono
625 2463 787 2551 quondam
804 2462 952 2526 Duncani
968 2462 1094 2527 comitis
1109 2460 1149 2526 de
1164 2462 1277 2527 Karric
1294 2470 1396 2529 totam
1414 2472 1532 2529 terram
1547 2463 1587 2529 de
1610 2467 1813 2553 Crosragmol
1836 2476 1870 2534 et

457 2567 635 2633 Sutheblau
651 2589 722 2632 curn
738 2566 942 2654 pertinentiis
964 2567 1047 2641 suis;
1069 2567 1122 2630 Ex
1146 2565 1232 2631 dono
1254 2566 1371 2632 nobilis
1395 2568 1452 2632 viri
1481 2568 1659 2634 Alexandri
1685 2571 1870 2637 monasterii

456 2673 551 2738 vestri
569 2671 697 2760 patroni
713 2671 792 2736 duas
807 2669 929 2735 caldras
944 2669 1045 2735 farine
1060 2693 1139 2757 quas
1154 2671 1319 2758 percipitis
1334 2671 1375 2735 de
1390 2672 1493 2736 farina
1508 2672 1549 2737 de
1570 2672 1726 2739 Inchinan
1741 2697 1801 2762 pro
1816 2699 1870 2740 ex·

387 2853 391 2864 ,
457 2775 583 2842 cambio
598 2775 737 2840 multura
752 2774 792 2840 de
807 2777 834 2840 lc
849 2776 951 2852 Rass;
973 2782 1007 2840 et
1022 2797 1163 2839 annuum
1183 2774 1345 2840 redditum
1370 2774 1506 2840 duarum
1529 2776 1728 2841 marcharum
1743 2781 1870 2866 argenti

456 2902 552 2967 quem
567 2878 732 2967 percipitis
747 2901 806 2966 pro
829 2877 1011 2944 molendino
1034 2877 1074 2943 de
1097 2877 1281 2956 Thornton,
1297 2886 1396 2966 prout
1420 2879 1452 2941 in
1478 2878 1595 2943 litteris
1619 2879 1694 2945 inde
1717 2882 1870 2948 confectis

457 2983 577 3049 dicitur
597 2983 767 3062 contineri,
781 3005 852 3047 cum
877 2983 981 3062 terris,
996 2983 1109 3070 pratis,
1125 2982 1234 3058 vineis,
1256 2981 1449 3060 nemoribus,
1464 2984 1615 3070 usuagiis.
1629 2991 1664 3048 et
1685 2987 1822 3072 pascuis,
1836 2988 1869 3053 in

457 3087 552 3153 bosco
567 3094 601 3152 et
615 3087 724 3174 plano,
740 3087 772 3150 in
788 3087 880 3173 aquis
895 3093 929 3151 et
944 3084 1145 3162 molendinis,
1160 3086 1193 3151 in
1210 3087 1268 3150 viis
1284 3094 1318 3150 et
1333 3087 1464 3164 semitis,
1479 3094 1513 3152 et
1528 3087 1678 3153 omnibus
1689 3088 1760 3154 aliis
1774 3089 1869 3156 liber·

456 3190 580 3257 tatibus
595 3198 629 3256 et
643 3191 902 3256 immunitatibus
916 3190 988 3254 suis.
1036 3191 1118 3254 Sane
1133 3190 1295 3254 novalium
1311 3198 1487 3255 vestrorum
1500 3215 1562 3277 que
1573 3193 1712 3279 propriis
1724 3194 1870 3260 manibus

456 3303 515 3361 aut
529 3294 710 3384 sumptibus
725 3294 831 3360 colitis
845 3294 885 3359 de
900 3294 1017 3380 quibus
1031 3294 1147 3380 aliquis
1159 3294 1313 3359 hactenus
1324 3318 1388 3359 non
1399 3296 1552 3383 percepit,
1564 3297 1629 3360 sive
1640 3295 1680 3361 de
1692 3305 1867 3364 vestrorum

455 3398 641 3464 animalium
657 3399 873 3474 nutrimentis,
888 3397 994 3462 nullus
1009 3421 1029 3462 a
1044 3396 1134 3462 vobis
1145 3397 1281 3462 decimas
1294 3399 1419 3484 exigere
1431 3397 1479 3462 vel
1495 3405 1686 3485 extorquere
1694 3411 1866 3488 presumat.

455 3505 568 3569 Liceat
582 3525 711 3589 quoque
727 3501 816 3567 vobis
831 3502 959 3568 clericos
975 3501 1023 3566 vel
1039 3501 1136 3566 laicos
1158 3501 1275 3567 liberos
1297 3509 1331 3566 et
1352 3501 1517 3566 absolutos
1542 3524 1560 3566 e
1584 3502 1689 3567 seculo
1709 3504 1869 3591 fugientes

453 3608 497 3674 ad
511 3608 747 3673 conversionem
763 3607 912 3694 recipere,
926 3629 963 3670 ac
978 3629 1032 3670 eos
1046 3605 1166 3693 absque
1188 3605 1442 3672 contradictione
1464 3605 1576 3692 aliqua
1598 3608 1744 3673 retinere.
1790 3612 1868 3675 Pro·

453 3712 600 3778 hibemus
615 3712 744 3798 insuper
756 3718 794 3776 ut
809 3710 889 3775 nulli
905 3710 1041 3774 fratrum
1058 3717 1234 3774 vestrorum
1250 3717 1326 3798 post
1348 3710 1466 3774 factam
1490 3710 1524 3773 in
1547 3711 1740 3775 monasterio
1763 3721 1868 3779 vestro

455 3815 680 3905 professionem
707 3815 821 3880 fassit
846 3815 913 3878 sine
939 3812 1067 3880 abbatis
1093 3814 1142 3878 sui
1172 3813 1303 3880 licentia
1332 3812 1372 3878 de
1401 3810 1513 3877 eodem
1544 3811 1625 3891 loco,
1652 3813 1712 3877 nisi
1738 3816 1868 3881 artioris

454 3918 617 4006 religionis
628 3917 776 3996 obtentu,
788 3916 947 3982 discedere
959 3945 968 3994 ς
991 3915 1227 3982 discendentem
1240 3939 1314 3980 vero
1326 3915 1445 4002 absque
1456 3915 1672 3978 communium
1684 3914 1866 3983 litterarum

453 4023 603 4089 cautione
632 4021 738 4087 nullus
767 4021 887 4086 audeat
916 4021 1060 4086 retinere.
1122 4022 1203 4086 Cum
1233 4028 1342 4084 autem
1371 4016 1518 4105 generale
1549 4017 1756 4084 interdictum
1783 4028 1867 4087 terre

454 4127 562 4205 fuerit,
577 4125 673 4191 liccat
688 4125 789 4204 vobis,
804 4125 917 4190 clausis
936 4125 1055 4214 januis,
1072 4124 1205 4189 exclusis
1227 4121 1508 4188 excommunicatis
1534 4127 1568 4185 et
1595 4121 1786 4202 interdictis,
1801 4148 1865 4190 non

453 4230 589 4320 pulsatis
611 4229 784 4317 campanis,
799 4252 966 4318 suppressa
989 4253 1074 4306 voce,
1096 4228 1206 4292 divina
1228 4227 1330 4292 officia
1352 4224 1519 4302 celebrare,
1541 4222 1717 4290 dummodo
1739 4249 1865 4293 causam

453 4358 517 4400 non
533 4333 685 4399 dederitis
699 4333 873 4398 interdicti.
920 4334 1043 4398 Crisma
1058 4355 1143 4410 vero,
1158 4332 1262 4397 oleum
1279 4338 1435 4407 sanctum,
1448 4327 1699 4393 consecrationes
1713 4329 1865 4398 altarium

452 4462 506 4504 seu
529 4436 741 4514 basilicarum,
757 4438 974 4503 ordinationes
990 4437 1174 4502 clericorum
1190 4458 1327 4522 quorum
1343 4432 1469 4499 ordines
1484 4431 1605 4496 fuerint
1616 4436 1867 4520 promovendi,a

452 4542 621 4608 diocesano
635 4541 813 4630 suscipietis
827 4542 989 4630 episcopo,
1003 4540 1161 4628 siquidem
1184 4539 1359 4604 catholicus
1382 4537 1480 4603 fuerit
1501 4543 1536 4601 et
1558 4537 1698 4630 gratiam
1723 4547 1758 4604 et
1780 4564 1866 4606 com-

452 4647 636 4712 munionem
651 4653 848 4712 sacrosancte
860 4647 1005 4710 Romane
1020 4645 1102 4710 sedis
1117 4643 1266 4710 habuerit
1278 4649 1312 4708 et
1323 4665 1361 4706 ea
1376 4641 1465 4707 vobis
1476 4639 1614 4706 voluerit
1626 4642 1692 4707 sine
1704 4645 1866 4732 pravitate

450 4750 560 4839 aliqua
574 4750 708 4815 exibere.
754 4749 964 4815 Prohibemus
980 4750 1109 4837 insuper
1123 4755 1161 4812 ut
1184 4747 1268 4811 infra
1282 4747 1358 4810 fines
1381 4745 1620 4833 parrochiarum
1640 4755 1816 4814 vestrarum
1839 4751 1865 4816 si

451 4877 503 4920 eas
532 4852 658 4919 habetis
687 4853 784 4918 nullis
812 4853 880 4918 siue
909 4875 1038 4916 assensu
1066 4850 1226 4916 diocesani
1256 4849 1394 4937 episcopi
1427 4855 1460 4916 τέ
1493 4855 1596 4913 vestro
1626 4851 1780 4939 capellam
1810 4877 1865 4918 seu

450 4957 626 5030 oratorium
642 4957 682 5025 de
693 4981 777 5026 novo
788 4962 971 5025 construere
987 4954 1117 5034 audeat,
1128 4952 1222 5026 salvis
1239 4954 1412 5052 privilegiis
1427 4953 1618 5042 pontificum
1635 4955 1862 5030 Romanorum.

1028 5112 1092 5180 s

985 5193 1021 5236 κ

942 5275 973 5314 s

884 5338 933 5404 s

848 5429 873 5469 l
