4412 5948
675 808 732 872 OF
760 809 858 872 THE
888 808 1052 873 BURGH
1084 809 1141 870 oF
1169 808 1375 873 PAISLEY.
1692 806 1731 872 91

324 997 417 1084 burgi
441 997 542 1062 nostri
564 995 604 1060 de
628 995 773 1083 Paislay;
798 996 927 1059 Necnon
949 994 1106 1082 pulsando
1131 1017 1317 1082 campanam
1334 995 1414 1059 dicti
1431 995 1564 1083 hospitii
1579 995 1735 1081 quotidie,

324 1101 404 1164 hora
436 1101 552 1186 quinta
588 1100 751 1164 matutina
785 1106 819 1163 et
853 1098 933 1162 hora
969 1096 1092 1162 decima
1129 1099 1319 1186 vespertina,
1355 1106 1390 1162 et
1426 1097 1543 1162 ultima
1579 1121 1736 1186 campana

324 1204 376 1269 die
390 1204 550 1268 concionis
565 1210 598 1266 et
613 1225 753 1290 precum,
765 1209 802 1265 ut
815 1201 936 1265 vicibus
945 1202 1118 1287 contigerit
1129 1209 1163 1266 et
1174 1203 1385 1289 prescriptum
1399 1202 1442 1264 eis
1456 1202 1552 1267 fuerit
1564 1225 1621 1289 per
1631 1201 1736 1268 dictos

324 1306 459 1372 ballivos
481 1314 515 1372 et
536 1329 645 1371 eorum
662 1329 860 1384 successores,
875 1304 1011 1369 ballivos
1026 1305 1106 1369 dicti
1122 1306 1223 1370 nostri
1245 1305 1358 1392 burgi,
1381 1306 1429 1370 Et
1444 1304 1598 1370 servando
1612 1305 1736 1371 dictum

325 1411 501 1496 hospitium
517 1409 597 1473 bene
612 1415 787 1496 purgatum
803 1415 837 1471 et
852 1407 982 1471 hortum
1000 1406 1079 1471 bene
1094 1408 1216 1472 cultum
1233 1431 1269 1472 ac
1285 1414 1390 1471 satum
1410 1407 1552 1487 floribus,
1575 1407 1681 1473 herbis
1703 1418 1737 1475 et

326 1512 487 1577 holeribus
503 1514 590 1576 omui
607 1520 751 1598 tempore
766 1511 897 1586 futur03
920 1512 981 1574 ΕΤ
996 1512 1080 1574 NOS
1098 1513 1216 1574 VERO
1232 1519 1265 1576 et
1281 1534 1468 1575 successores
1483 1513 1583 1575 nostri
1600 1511 1736 1598 predicti

326 1617 448 1681 Totum
474 1624 507 1682 et
531 1617 691 1702 integrum
720 1615 880 1703 prefatum
908 1615 1085 1702 hospitium
1112 1638 1169 1678 ceu
1193 1615 1385 1702 hospitalem
1408 1615 1523 1691 locum,
1546 1639 1617 1680 cum
1641 1616 1737 1681 horto

326 1720 477 1798 eiusdem,
497 1721 612 1784 annuis
635 1717 824 1793 redditibus,
841 1717 976 1782 devoriis
992 1718 1126 1805 aliisque
1146 1719 1289 1806 superius
1309 1720 1472 1805 expressis,
1495 1741 1566 1782 cum
1587 1720 1651 1783 suis
1666 1743 1737 1807 per-

326 1826 472 1891 tinentiis
486 1825 620 1913 prefatis
635 1847 688 1888 sex
704 1823 830 1887 senibus
844 1822 1038 1910 pauperibus
1054 1823 1133 1888 inibi
1157 1845 1214 1910 per
1235 1846 1292 1887 nos
1315 1822 1456 1886 locandis
1478 1830 1512 1887 et
1534 1824 1735 1911 imponendis

326 1929 436 2016 ibique
460 1926 657 1993 remanendis
681 1948 854 2012 eorumque
877 1926 1106 1991 successoribus
1131 1927 1368 2013 imperpetuum
1393 1927 1426 1990 in
1455 1927 1603 1991 omnibus
1625 1935 1659 1992 et
1681 1950 1738 2015 per

326 2035 435 2098 omnia
448 2033 551 2096 forma
567 2032 688 2118 pariter
708 2038 742 2095 et
761 2029 887 2107 effectu,
906 2036 945 2094 ut
965 2031 1153 2118 premissum
1169 2038 1228 2107 est,
1244 2037 1357 2094 contra
1372 2052 1480 2094 omnes
1496 2031 1645 2096 mortales
1661 2055 1738 2096 war·

327 2136 558 2215 rantizibimns,
573 2133 827 2223 acquietabimus
842 2141 876 2198 et
892 2134 1127 2222 imperpetuum
1144 2133 1349 2199 defendemus
1362 2162 1371 2210 3
1394 2136 1591 2200 INSUPER
1613 2134 1739 2200 dilectis

328 2242 444 2306 nostris
840 2240 888 2302 Et
902 2246 1042 2302 vestrum
1058 2238 1191 2304 cuilibet
1206 2238 1403 2325 conjunctim
1421 2247 1455 2303 et
1470 2238 1596 2303 divisim
1613 2239 1739 2305 ballivis

328 2346 444 2410 nostris
459 2345 493 2408 in
508 2344 568 2408 hac
582 2349 676 2430 parte
691 2341 871 2430 specialiter
886 2343 1071 2407 constitutis
1087 2342 1222 2406 salutem
1239 2343 1329 2407 vobis
1350 2343 1541 2430 precipimus
1557 2350 1590 2408 et
1605 2344 1740 2408 tirmiter

329 2447 516 2513 mandamus
542 2454 700 2534 quatenus
727 2447 800 2510 visis
826 2444 1025 2533 presentibus
1048 2446 1184 2512 indilate
1209 2453 1331 2511 statum
1354 2447 1489 2510 sasinam
1512 2446 1737 2512 hereditariam

329 2554 450 2640 pariter
464 2560 497 2617 et
513 2551 738 2639 possessionem
761 2549 888 2628 realem,
903 2549 1061 2614 actualem
1080 2557 1114 2615 et
1137 2549 1332 2637 corporalem
1355 2551 1457 2615 totius
1479 2558 1513 2616 et
1536 2551 1652 2637 integri
1669 2575 1739 2638 pre·

328 2656 421 2721 dictii
436 2655 569 2742 hospitii
585 2677 639 2719 ceu
657 2653 824 2741 hospitalis
840 2652 912 2729 loci,
927 2676 999 2718 cum
1020 2653 1116 2718 horto
1136 2653 1274 2718 eiusdem
1291 2660 1325 2718 et
1339 2652 1471 2738 singulis
1494 2654 1557 2717 suis
1580 2654 1738 2741 partibus,

330 2758 506 2848 pendiculis
521 2766 555 2824 et
575 2759 777 2846 pertinentiis
799 2780 919 2822 necnon
942 2757 1101 2823 dictarum
1124 2756 1337 2833 devoriarum,
1359 2756 1556 2833 reddituum,
1578 2780 1739 2836 censuum,

329 2863 507 2950 glebarum,
522 2861 706 2938 carbonum,
728 2860 928 2947 aliorumque
951 2861 1198 2949 prescriptorum
1214 2862 1381 2924 annuatim
1397 2868 1431 2926 et
1447 2863 1645 2927 terminatim
1669 2885 1739 2950 per·

331 2967 561 3055 cipiendorum,
576 2965 782 3030 levandorum
798 2973 832 3030 et
847 2963 1068 3029 solvendorum
1086 2972 1125 3029 ut
1139 2965 1342 3052 permittitur

330 3074 498 3157 Tanquam
515 3071 677 3135 actornito
692 3077 727 3133 et
742 3069 925 3133 nominibus
940 3068 1100 3134 dictorum
1117 3092 1170 3132 sex
1186 3091 1295 3132 senum
1318 3090 1495 3156 pauperum
1519 3070 1659 3134 virorum
1682 3093 1741 3158 pro

331 3198 363 3239 se
384 3177 511 3260 suisque
533 3173 760 3238 successoribus
784 3174 1020 3260 imperpetuum
1044 3195 1101 3260 per
1123 3171 1331 3237 traditionem
1354 3180 1438 3237 terre
1460 3181 1494 3237 et
1516 3173 1632 3261 lapidis
1647 3173 1739 3237 fundi

331 3279 410 3344 dicti
434 3278 605 3342 mansionis
625 3285 660 3341 et
681 3278 775 3340 unius
798 3276 932 3352 denarii,
951 3284 989 3342 ut
1013 3277 1108 3340 moris
1131 3284 1179 3341 est
1201 3277 1235 3341 in
1259 3278 1376 3353 Scotia,
1398 3276 1494 3353 datia,
1509 3276 1692 3343 deliberetis
1707 3286 1742 3343 et

331 3381 442 3447 haberi
457 3381 582 3446 faciatis
597 3381 664 3444 sine
679 3379 835 3444 dilatione
850 3388 885 3444 et
899 3379 959 3444 hoc
982 3379 1072 3443 nullo
1093 3379 1188 3443 modo
1215 3380 1395 3455 omittatis3
1418 3380 1571 3444 Volumus
1592 3382 1688 3445 etiam
1709 3389 1743 3448 et

332 3485 532 3550 concedimus
543 3507 580 3548 ac
590 3507 651 3572 pro
662 3482 754 3548 nobis
769 3491 803 3547 et
817 3481 1045 3548 successoribus
1061 3485 1178 3549 nostris
1189 3482 1385 3547 decernimus
1397 3490 1430 3548 et
1442 3483 1636 3562 ordinamus,
1648 3485 1742 3564 Quod

332 3591 427 3654 unica
448 3589 552 3653 sasiua
574 3610 658 3652 nunc
680 3586 835 3675 capienda
857 3587 945 3674 apud
971 3587 1104 3674 januam
1135 3586 1214 3652 dicti
1241 3588 1374 3674 hospitii
1402 3610 1459 3652 ceu
1483 3586 1545 3652 loci
1574 3588 1743 3676 hospitalis

333 3693 467 3779 (absque
481 3692 549 3756 ulla
563 3692 769 3756 reiteratione
785 3690 871 3755 dicte
893 3691 994 3754 sasine
1018 3691 1051 3754 in
1075 3690 1237 3770 futurum)
1257 3690 1410 3754 sufficiens
1436 3692 1499 3755 erit
1523 3693 1627 3755 sasina
1648 3691 1743 3757 dictis

334 3796 527 3885 pauperibus
542 3796 668 3882 suisque
683 3794 912 3859 successoribus
935 3817 994 3882 pro
1017 3793 1145 3880 prefato
1167 3794 1310 3881 hospitio
1333 3801 1366 3858 et
1388 3794 1542 3883 hospitali
1566 3794 1647 3874 loco,
1670 3818 1743 3860 cum

333 3901 429 3966 horto
444 3900 583 3964 eiusdem
599 3907 633 3964 et
648 3900 711 3962 suis
726 3899 930 3986 pertinentiis
945 3921 982 3962 ac
997 3920 1057 3984 pro
1078 3899 1301 3985 suprascriptis
1323 3899 1437 3962 annuis
1460 3898 1608 3976 devonia,
1632 3898 1743 3963 rediti-

334 4005 403 4082 bus,
426 4003 581 4082 censibus,
601 4002 714 4090 glebis,
737 4001 928 4067 carbonibus
943 4001 1077 4088 aliisque
1093 4002 1242 4088 proficuis
1257 4001 1439 4080 antedictis,
1460 4025 1524 4067 non
1540 4001 1744 4066 obstantibus

334 4109 575 4196 quibuscunque
586 4106 834 4194 impedimentis,
843 4107 935 4185 actis,
944 4107 1088 4184 statutis,
1096 4105 1220 4191 legibus
1228 4106 1498 4193 aliisquejuribus
1507 4113 1542 4171 et
1552 4106 1743 4172 consuetud·

334 4212 440 4278 inibus
455 4214 488 4277 in
504 4211 699 4277 contrarium
716 4209 904 4296 objiciendis
926 4231 1100 4296 penesque
1122 4232 1293 4295 omnesque
1308 4210 1461 4289 defectus,
1476 4210 1551 4275 inde
1573 4219 1743 4296 seqrrautes

334 4339 394 4405 pro
403 4315 495 4380 nobis
505 4323 539 4380 et
547 4311 776 4378 successoribus
787 4313 905 4377 nostris
916 4335 974 4399 per
984 4320 1145 4400 presentes
1156 4312 1384 4400 dispensamus,
1397 4312 1452 4377 Ad
1464 4313 1551 4400 quod
1563 4312 1743 4379 faciendum

335 4420 424 4486 vobis
439 4427 474 4484 et
488 4426 629 4484 vestrum
644 4416 778 4482 cuilibet
796 4417 991 4482 coniunctim
1015 4424 1049 4480 et
1070 4416 1197 4482 divisim
1221 4415 1348 4481 ballivis
1370 4418 1487 4482 nostris
1511 4419 1543 4482 in
1569 4417 1629 4482 hac
1651 4426 1744 4506 parte

335 4521 506 4586 antedictis
521 4526 662 4584 nostram
678 4518 853 4606 plenariam
869 4526 903 4583 et
918 4518 1155 4582 irrevocabilem
1171 4526 1282 4582 tenore
1297 4519 1493 4606 presentium
1513 4521 1745 4584 committimus

335 4633 550 4714 potestatem3
571 4625 619 4689 Et
634 4623 676 4689 ad
691 4624 844 4710 majorem
865 4623 1156 4688 corroborationem
1180 4624 1323 4687 omnium
1342 4631 1376 4687 et
1396 4623 1593 4710 singulorum
1614 4625 1745 4712 premis-

335 4753 440 4794 sorum
457 4728 640 4795 ordinamus
655 4728 737 4792 hanc
752 4734 930 4815 presentem
947 4735 1068 4793 cartam
1087 4727 1197 4791 inferri
1213 4734 1246 4791 et
1261 4727 1356 4791 inseri
1379 4729 1413 4792 in
1439 4727 1530 4791 libris
1554 4729 1639 4792 curie
1665 4727 1745 4793 dicti

336 4831 441 4918 burgi,
452 4830 571 4897 ibidem
584 4831 807 4897 remanendam
819 4831 861 4897 ad
873 4839 1061 4919 perpetuam
1074 4831 1313 4895 remanentiam.
1349 4831 1388 4895 In
1404 4830 1454 4917 cuj
1459 4853 1494 4894 us
1509 4831 1553 4894 rei
1567 4831 1745 4896 testimoni·

336 4960 390 5004 um
402 4936 477 5001 huic
489 4937 628 5028 presenti
641 4943 727 5004 carta
738 4944 847 5002 nostre
856 4939 910 5022 (ex
921 4935 1144 5028 chyrographo
1155 4937 1178 4999 J
1179 4936 1290 5000 oannis
1303 4933 1461 5001 Greinleis
1473 4935 1590 5000 notarii
1601 4934 1746 5025 publicii,
