4438 5976
686 838 744 904 OF
772 839 869 906 THE
900 837 1062 905 BURGH
1094 836 1151 904 OF
1180 836 1385 905 PAISLEY.
1684 834 1747 904 109

384 1131 619 1196 42.-Clicrtcr
632 1132 676 1215 of
682 1133 718 1196 K
715 1133 776 1218 ing
791 1131 921 1196 Charta
936 1133 985 1195 II.
1002 1139 1034 1194 to
1049 1131 1099 1194 the
1123 1131 1222 1194 Teren
1241 1130 1285 1213 of
1290 1126 1704 1214 Paisley.⁴²—-En1uauaorr,

862 1234 923 1298 5th
939 1233 1125 1310 December,
1143 1233 1237 1299 1665.

343 1443 442 1506 Certa
467 1440 707 1528 Resignationis
733 1447 767 1504 et
793 1439 1055 1504 Confirmationis
1078 1439 1111 1502 in
1137 1439 1277 1502 favorem
1301 1436 1509 1513 Ballivorum,
1531 1435 1747 1522 lbesaumrij,

595 1543 857 1608 Consiliariorum
873 1551 907 1608 et
922 1543 1173 1608 Communitatis
1188 1541 1288 1629 Burgi
1304 1540 1343 1605 de
1360 1540 1497 1605 Pasleto.

342 1735 550 1799 CAROLUS
573 1735 635 1798 Dei
657 1734 765 1821 gratia
786 1736 908 1820 Magne
930 1733 1102 1811 Brittanie,
1127 1732 1259 1796 Francie
1283 1738 1317 1797 et
1340 1731 1496 1796 Hibernie
1518 1732 1589 1795 Rex
1611 1728 1749 1815 fideique

342 1837 496 1916 defensor,
513 1838 660 1903 omnibus
676 1837 786 1927 probis
800 1837 985 1903 hominibus
1006 1838 1107 1902 totius
1122 1845 1207 1902 terre
1228 1859 1282 1900 sue
1304 1835 1424 1899 clericis
1440 1842 1474 1899 et
1489 1833 1577 1897 laicis
1592 1833 1726 1897 salutem
1742 1858 1749 1897 ε
1767 1891 1772 1900 .

342 1943 456 2007 Sciatis
472 1965 540 2020 nos,
554 1966 626 2006 cum
642 1943 795 2030 expressis
810 1943 1019 2019 avisamento,
1029 1964 1180 2006 consensu
1196 1947 1231 2006 et
1241 1962 1368 2004 assensu
1381 1939 1545 2026 preconlisi
1562 1937 1663 2001 nostri
1675 1959 1750 2001 con-

342 2047 506 2132 sanguinei
522 2054 556 2114 et
578 2046 748 2134 consiliarij
774 2047 910 2110 Joannis
932 2046 1059 2110 comitis
1081 2045 1120 2110 de
1146 2044 1281 2121 Rothes‚
1296 2043 1429 2107 Domini
1457 2041 1570 2120 Leslie‚
1585 2048 1619 2106 et
1641 2040 1750 2105 Balin-

342 2149 469 2216 breiche
498 2151 614 2215 summi
644 2151 745 2214 nostri
775 2149 1051 2236 commissionarij,
1081 2155 1303 2236 computorum
1335 2146 1533 2224 mulinionis,
1562 2144 1751 2221 collectoris,

341 2252 496 2340 generalis
510 2277 547 2318 ac
563 2253 750 2340 thesaurarij
769 2275 923 2317 novarum
940 2258 1120 2316 nostrarum
1136 2250 1436 2338 augmentationum
1450 2249 1534 2313 infra
1545 2249 1605 2313 hoc
1616 2270 1749 2335 regnum

343 2365 486 2424 nostrum
503 2358 631 2437 Scotise,
647 2379 769 2421 necnon
785 2379 855 2420 cum
876 2379 1027 2420 consensu
1052 2354 1217 2442 predilecti
1241 2354 1341 2418 nostri
1369 2353 1594 2439 consanguinei
1621 2359 1654 2416 et
1676 2375 1750 2416 con-

343 2461 452 2548 siliarij
478 2464 523 2524 W
525 2461 648 2526 illielmi
679 2461 812 2525 Domini
836 2459 1027 2524 Wellenden
1058 2459 1098 2524 de
1127 2459 1384 2544 Wruigistoune‚
1414 2458 1516 2522 nostri
1546 2456 1695 2544 deputati
1717 2456 1751 2520 in

343 2564 456 2650 ijsdem
479 2564 600 2649 officijs,
626 2587 663 2628 ac
689 2563 884 2650 reliquorum
912 2563 1115 2628 dominorum
1142 2563 1243 2626 nostri
1267 2560 1402 2647 Saecarij
1432 2559 1511 2625 dicti
1537 2561 1626 2646 regni
1649 2560 1751 2624 nostri

344 2675 524 2732 nostrorum
540 2668 893 2745 commissionariorum,
908 2665 1042 2743 dedisse,
1057 2666 1252 2743 concessisse,
1267 2665 1458 2753 disposuisse
1476 2671 1510 2728 et
1531 2664 1590 2728 hac
1612 2663 1751 2750 presenti

343 2781 433 2838 carta
447 2779 557 2837 nostre
571 2773 781 2849 confirmasse,
796 2778 970 2856 tenoreque
992 2769 1130 2835 eiusdem
1151 2769 1237 2847 dare,
1253 2768 1434 2845 concedere,
1449 2767 1625 2854 disponere,
1640 2790 1677 2830 ac
1692 2790 1752 2854 pro

344 2875 437 2941 nobis
452 2883 486 2940 et
501 2874 730 2940 successoribus
745 2875 862 2939 nostris
879 2897 937 2960 pro
953 2880 1109 2961 perpetuo
1125 2873 1311 2938 confirmare
1325 2871 1450 2936 dilectis
1473 2871 1601 2947 nostris,
1615 2869 1752 2948 ballivis,

345 2981 553 3057 thesaurario,
568 2978 758 3066 consiliarijs
774 2986 808 3044 et
823 2979 1049 3042 communitati
1063 2978 1157 3064 burgi
1174 2976 1213 3042 de
1229 2976 1357 3041 Pasleto
1372 2977 1499 3061 suisque
1514 2974 1752 3052 successoribus,

346 3091 453 3150 totum
469 3092 503 3150 et
518 3085 679 3170 integrum
695 3083 833 3169 burgum
850 3090 884 3146 et
899 3081 1006 3146 villam
1024 3082 1063 3147 de
1080 3081 1208 3146 Pasleto
1222 3104 1293 3144 cum
1316 3081 1397 3144 acris
1418 3078 1617 3166 burgalibus‚
1631 3079 1752 3156 croltiS,

346 3189 545 3267 tenementis,
561 3187 720 3264 domibus,
736 3186 776 3251 lie
792 3186 916 3250 burrow
932 3185 1049 3250 oscillis
1064 3193 1098 3250 et
1113 3187 1205 3250 terris
1221 3184 1261 3249 de
1275 3183 1425 3249 Seidhills
1445 3183 1561 3247 eisdem
1585 3183 1753 3247 annexatis

347 3292 429 3356 infra
444 3291 566 3356 bondas
581 3299 693 3378 postca
708 3291 934 3368 mentionatis,
949 3297 982 3354 et
1005 3289 1204 3354 territorium
1227 3286 1366 3352 eiusdem
1382 3287 1538 3373 (exceptis
1564 3285 1754 3351 molendinis

348 3394 443 3481 vulgo
469 3395 662 3480 nuncupatis
688 3396 728 3458 lie
753 3394 886 3460 Seidhill
912 3395 1039 3480 mylasa,
1066 3392 1195 3458 vstrinis
1220 3390 1377 3477 granarijs
1392 3389 1575 3467 earundem,
1591 3391 1630 3454 lic
1649 3413 1753 3454 corne-

347 3500 429 3578 eati,
444 3500 483 3563 lic
498 3495 676 3585 mylirclrills
690 3496 741 3561 vel
756 3495 976 3582 scliiilinpliills
992 3495 1164 3561 earundem
1180 3502 1214 3559 et
1228 3495 1368 3560 astrictis
1385 3493 1533 3560 multuris
1556 3492 1635 3557 dicti
1659 3492 1753 3578 burgi

347 3602 387 3667 de
409 3601 547 3678 Pasleto‚
563 3609 597 3666 et
619 3602 661 3666 lie
685 3599 869 3685 liravescliip
893 3600 1076 3678 earundem,
1092 3598 1263 3664 secundum
1289 3598 1419 3664 solitum
1445 3605 1478 3662 et
1503 3605 1691 3662 consuetum
1717 3621 1754 3660 ac

347 3713 502 3770 terrarum
520 3713 631 3793 postea
646 3705 899 3792 specificatarum
915 3704 999 3769 inira
1014 3704 1213 3768 territorium
1229 3702 1309 3767 dicti
1325 3701 1446 3788 burgi),
1461 3708 1549 3766 totas
1564 3707 1598 3764 et
1613 3702 1754 3786 integras

347 3809 525 3874 feudifirme
543 3810 649 3874 tirmas
664 3809 740 3873 olim
757 3807 894 3885 debitas,
909 3807 1069 3894 obligatas
1084 3815 1118 3872 et
1134 3807 1267 3872 usitatas
1285 3805 1363 3870 solvi
1386 3804 1498 3869 abbati
1522 3811 1556 3870 et
1582 3805 1752 3869 conventui

347 3912 478 3977 abbacie
493 3912 533 3977 de
548 3912 676 3977 Pasleto
691 3934 750 3999 pro
766 3919 920 3999 tempore,
936 3918 970 3976 et
985 3934 1069 3975 nunc
1085 3911 1234 3975 Dominis
1249 3909 1416 3974 erectionis
1431 3908 1471 3972 de
1492 3907 1629 3986 Pasleto‚
1645 3931 1754 3972 eorum

348 4016 523 4081 factoribus
538 4023 571 4080 et
586 4017 764 4080 camerariis
779 4039 888 4080 eorum
904 4015 1098 4094 nominibus,
1109 4015 1189 4079 dicti
1205 4014 1300 4100 burgi
1315 4013 1355 4078 de
1370 4011 1498 4076 Pasleto
1514 4020 1547 4076 et
1563 4035 1622 4098 pro
1633 4012 1756 4088 eodem,

349 4120 506 4196 domibus,
529 4120 670 4199 edificiis,
693 4120 807 4196 hortis,
834 4120 1035 4197 tenementis,
1061 4121 1153 4198 acris,
1180 4118 1348 4205 perticatis
1375 4124 1408 4181 et
1432 4114 1576 4204 percellis
1599 4122 1754 4180 terrarum

349 4223 489 4310 ejusdem
505 4222 747 4289 occidentaliter
761 4222 804 4287 ab
818 4224 935 4287 orienti
953 4224 1014 4287 fine
1029 4223 1139 4309 pontis
1162 4220 1202 4286 de
1224 4220 1352 4285 Pasleto
1374 4227 1408 4284 et
1434 4218 1474 4283 lia
1493 4220 1637 4282 mustard
1660 4219 1758 4304 yaird

349 4329 402 4392 dik
417 4327 654 4393 includentibus
669 4335 703 4392 et
714 4327 1058 4415 comprehendentibus
1069 4335 1169 4391 terras
1181 4326 1221 4392 de
1232 4324 1413 4402 Celsieside,
1424 4323 1606 4402 Orcbardis,
1617 4323 1755 4388 Bladdo-

349 4433 478 4520 yairdis‚
494 4432 663 4509 Snadown,
685 4431 862 4509 Huttheid,
879 4431 1113 4510 Wallmeidow,
1129 4429 1352 4495 Broomlandis
1372 4429 1500 4515 aliaque
1520 4429 1604 4492 inira
1623 4427 1756 4506 bondas,

350 4537 514 4600 territoria
539 4543 572 4599 et
598 4535 716 4600 limites
742 4534 821 4599 dicti
853 4534 958 4620 burgi,
986 4535 1219 4621 proprietatem
1248 4539 1283 4598 et
1312 4533 1576 4596 communitatem
1604 4531 1758 4619 ejusdem,

351 4638 561 4704 Excludendo
576 4636 753 4703 feudilirme
768 4637 907 4702 divorias
918 4645 1075 4702 terrarum
1089 4636 1187 4723 vulgo
1199 4644 1365 4723 nuncupat
1403 4684 1600 4700 .....
1637 4635 1711 4701 heid
1723 4644 1757 4700 et

351 4741 611 4820 Wairdmeidow,
626 4766 688 4829 que
703 4741 792 4807 nullo
809 4741 904 4806 modo
919 4742 952 4806 in
968 4742 1028 4806 hae
1048 4742 1188 4830 presenti
1204 4750 1294 4806 carta
1308 4747 1419 4804 nostra
1433 4739 1757 4826 comprehenduntur,

916 4990 1029 5043 ΩΤοινιι
1044 4989 1187 5044 Archives.
