4412 5948
650 827 708 900 OF
736 837 834 901 THE
865 829 1028 900 BURGH
1060 827 1116 898 OF
1145 827 1349 900 PAISLEY.
1663 823 1707 896 33

299 1020 441 1107 undiquc
455 1020 580 1107 previsa
595 1028 739 1108 pensata,
754 1043 825 1085 cum
842 1043 997 1086 consensu
1011 1028 1045 1086 et
1059 1044 1187 1086 assensu
1201 1021 1303 1086 totius
1319 1018 1453 1107 capituli
1468 1017 1570 1084 nostri
1582 1016 1706 1105 capitu-

298 1123 409 1189 lariter
423 1125 623 1211 congregati,
637 1123 770 1203 dedisse,
784 1126 982 1204 concessisse,
996 1124 1153 1190 assedasse
1168 1131 1202 1189 et
1215 1124 1258 1189 ad
1273 1123 1484 1189 feodifirmam
1505 1121 1659 1187 dimisisse
1674 1126 1709 1185 et

298 1227 358 1292 hac
373 1229 513 1315 presenti
528 1235 618 1292 carta
640 1235 749 1293 nostra
770 1230 982 1308 confirmasse,
1002 1252 1124 1294 necnon
1148 1228 1236 1306 dare,
1250 1227 1431 1307 concedere,
1445 1226 1590 1291 assedere
1610 1231 1644 1289 et
1666 1221 1708 1287 ad

298 1329 509 1396 feodidrmam
525 1329 688 1395 dimittere
703 1338 736 1396 et
755 1332 814 1396 hac
829 1333 969 1420 presenti
985 1339 1075 1397 carta
1096 1339 1206 1397 nostra
1225 1332 1423 1408 confirmare,
1444 1329 1571 1395 dilectis
1591 1325 1709 1392 nostris

299 1434 480 1520 Preposito,
495 1433 632 1511 ballivis,
642 1433 865 1520 burgensibus,
876 1443 911 1500 et
925 1436 1150 1500 communitati
1166 1435 1260 1522 burgi
1276 1433 1378 1498 nostri
1393 1431 1433 1497 de
1447 1431 1588 1509 Pasleto,
1599 1436 1708 1495 totum

299 1543 334 1602 et
348 1538 510 1623 integrum
525 1536 649 1601 dictum
665 1545 812 1603 nostrum
826 1538 963 1624 burgum
980 1540 1014 1603 in
1029 1539 1164 1604 baronia
1177 1561 1249 1602 cum
1271 1536 1486 1625 pertinentiis,
1497 1535 1657 1622 jacentem
1674 1532 1708 1597 in

299 1640 471 1726 regalitate
485 1647 595 1704 nostra
610 1639 650 1704 de
665 1640 795 1706 Pasleto
813 1648 846 1706 et
867 1641 951 1706 infra
965 1643 1223 1706 vicecomitatum
1244 1640 1284 1705 de
1308 1639 1473 1718 Reinfreu,
1488 1639 1573 1703 infra
1587 1634 1708 1702 bondas

299 1749 334 1808 et
348 1743 466 1808 limitas
488 1743 719 1830 infrascriptos,
734 1744 881 1810 videlicet
897 1744 1078 1833 incipiendo
1100 1744 1143 1810 ad
1165 1746 1259 1809 finem
1280 1743 1390 1830 pontis
1412 1742 1453 1807 de
1471 1741 1600 1806 Pasleto
1614 1761 1710 1826 super

299 1870 418 1934 aquam
432 1847 473 1912 de
488 1849 581 1925 Kert,
595 1854 630 1912 et
644 1848 689 1912 sic
704 1848 906 1913 extendendo
920 1872 977 1937 per
991 1851 1096 1914 vicum
1119 1849 1243 1935 regium
1266 1870 1372 1912 versus
1393 1845 1590 1912 occidentem
1608 1864 1710 1929 usque

300 1951 343 2016 ad
368 1950 523 2016 venellam
550 1951 649 2038 juxta
677 1953 704 2016 le
735 1951 942 2031 Welmedow,
967 1960 1002 2018 et
1026 1952 1069 2017 ab
1094 1953 1170 2017 hinc
1195 1950 1353 2039 equaliter
1378 1948 1577 2016 ascendendo
1603 1968 1709 2011 versus

299 2055 428 2121 boream
445 2077 502 2142 per
517 2054 633 2119 fossam
651 2063 806 2120 terrarum
821 2056 862 2122 de
877 2056 1081 2122 Oxschawsid
1095 2079 1197 2143 usque
1211 2055 1253 2120 ad
1268 2055 1380 2120 silvam
1396 2054 1436 2119 dc
1455 2053 1608 2118 Oxschaw
1625 2051 1711 2115 inter

300 2159 477 2247 predictam
493 2159 606 2223 silvam
621 2182 744 2224 necnon
759 2161 962 2247 passuagium
977 2160 1019 2226 ad
1034 2183 1202 2225 commune
1213 2159 1293 2225 dicti
1309 2159 1403 2245 burgi
1420 2166 1454 2224 et
1469 2160 1496 2223 le
1510 2153 1710 2244 Bruymdyk,

299 2285 362 2350 que
377 2261 524 2328 extendit
537 2285 596 2351 per
610 2269 710 2328 terras
724 2261 764 2327 de
780 2264 937 2329 Snawdon
952 2287 972 2328 a
986 2265 1146 2328 communi
1162 2263 1241 2329 dicti
1257 2262 1352 2350 burgi
1367 2261 1410 2327 ad
1432 2283 1548 2349 aquam
1572 2258 1612 2324 de
1627 2260 1710 2323 Kert

300 2389 339 2430 ex
354 2372 448 2452 parte
462 2365 593 2443 boreali,
608 2372 643 2431 ct
657 2365 777 2430 dictam
793 2390 910 2453 aquarn
932 2367 973 2432 de
996 2369 1079 2432 Kert
1093 2390 1216 2432 necnon
1241 2372 1417 2432 torrentem
1438 2365 1478 2430 de
1493 2361 1648 2459 ¹Espedar
1669 2383 1709 2425 ex

299 2475 392 2555 parte
406 2467 566 2547 orientali,
582 2475 615 2532 et
635 2471 663 2533 le
685 2469 829 2534 mustard
849 2469 930 2558 yard
951 2493 988 2534 ac
1014 2470 1119 2534 vicum
1145 2470 1370 2535 extendentem
1398 2492 1437 2533 ex
1459 2466 1593 2533 australi
1615 2470 1710 2552 parte

300 2571 413 2637 domus
427 2572 587 2636 «Iohannis
602 2573 737 2659 Murray
751 2581 786 2638 ct
800 2573 844 2637 sic
867 2596 924 2661 per
945 2597 1050 2661 sepem
1075 2573 1300 2639 extendentem
1327 2595 1424 2660 supra
1447 2573 1542 2637 linem
1565 2567 1708 2634 occiden-

300 2674 398 2739 talem
414 2674 455 2739 de
474 2677 502 2739 lc
524 2674 726 2762 Quhytfauld
750 2699 789 2740 ex
812 2683 905 2763 parte
926 2677 1070 2754 australi,
1097 2683 1131 2741 et
1157 2676 1280 2742 dictum
1307 2679 1335 2741 le
1360 2674 1564 2764 Quhytfauld
1586 2692 1709 2737 necnon

301 2785 425 2866 partem
441 2779 617 2843 communis
639 2778 720 2843 dicti
743 2780 836 2866 burgi
861 2803 898 2843 ac
921 2779 1043 2845 dictum
1071 2782 1099 2845 lc
1123 2780 1321 2845 Welmedow
1348 2787 1381 2845 et
1407 2779 1523 2844 fossam
1549 2777 1709 2841 dictarum

300 2890 458 2947 terrarum
473 2881 514 2947 de
528 2882 733 2948 Oxschawsid
755 2906 794 2947 ex
809 2890 902 2970 parte
924 2883 1126 2963 occidentali,
1141 2884 1288 2972 partibus
1310 2883 1352 2948 ab
1375 2905 1440 2947 una
1463 2889 1498 2949 et
1522 2880 1635 2958 altera,
1650 2899 1711 2965 pro

291 2983 501 3064 tenementis,
517 2985 734 3050 mansionibus
747 2993 782 3051 et
797 2987 877 3051 ortis
891 2985 986 3051 dictis
1006 2989 1181 3075 preposito,
1197 2985 1334 3064 ballivis,
1347 2985 1559 3072 burgensibus
1573 2991 1607 3048 et
1624 3005 1709 3047 com·

301 3090 454 3154 munitati
470 3089 655 3154 edificandis
669 3097 703 3154 et
718 3090 950 3169 construendis,
965 3098 1064 3178 prout
1078 3091 1212 3176 singulis
1234 3113 1343 3155 eorum
1366 3113 1424 3178 per
1446 3112 1504 3154 nos
1529 3098 1564 3154 et
1586 3087 1710 3153 dictum

301 3199 446 3258 nostrum
461 3200 653 3257 conventum
670 3216 727 3279 per
741 3200 845 3257 cartas
860 3201 986 3259 nostras
1001 3195 1034 3258 in
1050 3193 1228 3259 feodifirma
1250 3194 1431 3281 specialiter
1452 3193 1634 3279 assignatur
1655 3212 1710 3255 seu

301 3296 334 3360 in
350 3297 496 3360 futurum
511 3296 738 3382 assignabitur,
760 3319 897 3361 unacum
921 3299 1015 3363 certis
1037 3299 1117 3361 acris
1139 3297 1180 3362 de
1203 3296 1489 3385 propinquioribus
1511 3296 1605 3361 terris
1626 3293 1711 3359 infra

301 3397 420 3465 limites
434 3406 469 3464 et
490 3398 613 3464 bundas
635 3399 796 3486 predictas
818 3400 1001 3486 jacentibus
1027 3400 1161 3465 cuilibet
1187 3408 1382 3478 tenemento,
1397 3399 1554 3464 mansioni
1580 3405 1615 3463 et
1636 3404 1710 3463 orto

301 3503 471 3589 assignatis
508 3525 562 3566 seu
598 3502 808 3588 assignandis,
840 3503 939 3590 juxta
968 3511 1110 3569 tenorem
1141 3502 1301 3568 dictarum
1338 3511 1519 3568 nostrarum
1549 3508 1710 3566 cartarum

302 3605 438 3694 desuper
461 3606 618 3670 factarum
643 3628 697 3670 seu
721 3607 997 3672 conficiendarum.
1043 3609 1178 3695 Insuper
1200 3608 1387 3671 anneximus
1413 3615 1447 3672 et
1473 3607 1711 3693 incorporamus

301 3709 435 3786 toftum,
450 3707 572 3786 domos,
588 3708 722 3787 edificia,
737 3711 916 3774 mansiones
931 3717 966 3774 et
981 3718 1069 3775 ortos
1093 3718 1248 3775 terrarum
1272 3710 1311 3775 de
1332 3709 1454 3774 Sedhill
1470 3708 1511 3773 ad
1527 3708 1711 3774 libertatem

302 3819 335 3876 et
350 3811 554 3898 privilegium
569 3810 648 3876 dicti
661 3813 763 3877 nostri
778 3812 872 3901 burgi
888 3814 921 3878 iu
937 3813 1071 3878 baronia
1092 3813 1133 3878 de
1154 3813 1284 3878 Pasleto
1305 3814 1468 3900 perpetuis
1492 3812 1610 3877 futuris
1630 3820 1711 3877 tem·

302 3915 433 4003 poribus
448 3915 647 4003 possidenda.
694 3919 745 3980 Ac
760 3917 858 3981 etiam
874 3916 1019 3983 dedimus
1034 3925 1068 3983 et
1083 3918 1301 3995 concessimus,
1316 3915 1527 3982 assedavinrus
1542 3924 1576 3981 et
1590 3915 1632 3980 ad
1644 3915 1711 3980 feo·

197 4077 202 4080 .
302 4018 461 4084 difirmam
477 4019 666 4100 dimisimus,
681 4043 804 4085 necnon
819 4020 943 4096 damus,
958 4021 1171 4101 concedimus,
1185 4020 1366 4086 assedamns
1381 4028 1415 4086 et
1436 4021 1478 4086 ad
1501 4019 1711 4086 feodifinnam

302 4121 497 4186 dimittimus
512 4121 608 4187 dictis
623 4124 803 4209 Preposito,
818 4123 956 4200 ballivis,
971 4124 1193 4211 burgensibus,
1208 4132 1242 4188 et
1259 4125 1484 4189 communitati
1507 4123 1587 4189 dicti
1609 4124 1711 4188 nostri

302 4225 397 4312 burgi
413 4225 453 4290 de
468 4225 583 4312 Paslay
598 4234 755 4291 eteorum
771 4229 1000 4293 successoribus
1014 4230 1070 4315 qui
1086 4252 1145 4315 pro
1161 4236 1306 4316 tempore
1321 4229 1452 4305 luerint,
1467 4236 1568 4294 terras
1588 4234 1712 4292 nostras

302 4329 532 4417 infrascriptos,
547 4353 683 4416 quarum
698 4353 764 4394 una
779 4354 852 4417 pars
867 4330 1026 4395 dictarum
1044 4338 1199 4397 terrarum
1212 4332 1302 4419 jacet
1315 4332 1358 4397 ad
1372 4332 1468 4398 linem
1483 4331 1712 4397 occidentalem

301 4432 380 4498 dicti
396 4434 497 4498 nostri
513 4433 608 4519 burgi
624 4457 729 4498 versus
750 4441 906 4513 austrum,
921 4435 1007 4500 inter
1027 4442 1129 4500 terras
1152 4434 1192 4499 de
1215 4435 1379 4523 Calsaysid
1403 4443 1437 4500 et
1462 4443 1560 4500 terras
1585 4436 1711 4500 Tharne

302 4535 401 4600 Ieich
416 4542 544 4600 vocatas
559 4537 586 4602 lc
601 4537 684 4601 baala
698 4559 738 4600 ex
753 4543 845 4624 parte
861 4537 1020 4614 orientali,
1035 4545 1069 4602 et
1091 4545 1192 4602 terras
1212 4537 1253 4603 de
1276 4537 1458 4616 Castelhed,
1473 4561 1595 4603 necnon
1610 4545 1712 4603 terras

302 4638 426 4704 domini
450 4639 582 4703 Henrici
603 4640 717 4718 Mows,
732 4641 891 4704 «Iohannis
915 4640 1104 4721 Quhitsurd,
1125 4648 1160 4705 et
1184 4643 1212 4706 lc
1238 4640 1347 4706 Stobis
1372 4640 1413 4706 de
1438 4640 1650 4707 Ricardsbare
1673 4663 1713 4706 ex

301 4749 395 4830 parte
409 4742 552 4820 australi,
568 4749 602 4807 et
618 4742 713 4807 finem
728 4743 824 4808 varde
839 4752 987 4809 vocatum
1005 4747 1055 4810 aa
1070 4746 1181 4809 bodam
1196 4746 1233 4830 of
1246 4747 1295 4810 tle
1311 4747 1400 4809 ward
1413 4767 1452 4809 ex
1464 4752 1557 4832 parte
1566 4744 1711 4810 occiden-

302 4845 374 4923 tali,
389 4853 424 4913 et
437 4846 570 4912 caudam
587 4846 670 4913 dele
689 4846 893 4911 Brumlandis
916 4871 1037 4912 necnon
1060 4849 1087 4914 lc
1110 4847 1307 4913 Welmedow
1326 4871 1365 4912 ac
1387 4849 1524 4912 crottam
1540 4849 1658 4913 Prioris
1673 4871 1713 4914 ex

303 4956 396 5036 parte
411 4948 531 5014 boreali
545 4975 553 5027 ;
576 4956 610 5014 et
624 4949 689 5014 alia
702 4973 776 5037 pars
790 4949 950 5016 dictarum
966 4959 1123 5017 tanarum
1135 4950 1225 5037 jacet
1239 4974 1278 5016 ex
1289 4957 1383 5038 parte
1394 4950 1515 5017 boreali
1526 4951 1607 5018 dicti
1617 4951 1712 5038 burgi

1001 5075 1019 5119 c
