4438 5976
491 851 554 918 110
852 851 1098 921 CHARTERS
1129 853 1226 921 AND
1256 853 1535 922 DOCUMENTS

489 1067 561 1109 cum
577 1044 752 1133 privilegiis
767 1051 801 1109 ct
816 1043 1021 1110 libertatibus
1037 1045 1122 1110 illius
1138 1047 1239 1133 partis
1260 1045 1407 1132 glebarij‚
1424 1045 1465 1110 lie
1487 1067 1563 1124 mos,
1588 1044 1629 1110 de
1653 1044 1781 1110 Pasleto
1807 1045 1895 1134 prius

490 1148 616 1212 vsitatis
631 1155 665 1212 et
680 1149 849 1226 consuetis,
864 1148 1006 1214 bondate
1024 1149 1108 1214 inter
1123 1149 1241 1214 limites
1261 1157 1416 1214 terrarum
1439 1148 1479 1214 de
1501 1148 1663 1235 Ferguslie
1685 1155 1718 1214 et
1738 1157 1894 1214 terrarum

488 1251 529 1316 de
544 1250 771 1316 Merlcisworth
793 1252 965 1317 secundum
988 1253 1124 1338 antiqua
1145 1253 1222 1338 jura
1247 1260 1281 1318 et
1307 1253 1421 1317 titulos
1447 1253 1587 1340 ejusdem
1614 1275 1774 1317 concessos
1800 1251 1895 1317 dictis

488 1354 624 1434 ballivis,
640 1357 848 1436 thesaurario,
863 1356 1051 1442 consiliarijs
1066 1365 1100 1424 et
1114 1357 1338 1422 communitati
1354 1356 1433 1422 dicti
1457 1357 1551 1443 burgi
1571 1356 1611 1421 de
1633 1356 1762 1422 Pasleto
1775 1363 1809 1421 et
1824 1379 1894 1444 pre-

488 1459 702 1526 decessoribus
717 1462 792 1538 suis,
804 1484 977 1548 eorumque
993 1462 1217 1549 possessionem
1235 1462 1385 1526 vsitatam
1401 1469 1434 1526 et
1449 1469 1645 1542 consuetam,
1657 1485 1790 1526 vnacum
1806 1461 1894 1538 foris,

489 1565 649 1644 nundinis,
676 1564 851 1652 privilegijs
877 1565 1046 1630 eanmdem
1077 1565 1211 1652 aliisque
1240 1566 1482 1652 quibuscunque
1512 1566 1715 1654 pertinentiis
1740 1564 1892 1652 ejusdem,

488 1693 558 1734 cum
576 1676 738 1756 potestate
760 1668 907 1748 faciendi,
923 1669 1072 1757 eligendi,
1087 1670 1269 1734 removendi
1292 1677 1326 1735 et
1352 1670 1498 1735 mutandi
1526 1671 1735 1758 prepositum,
1750 1668 1894 1746 ballivos,

488 1773 669 1866 burgeqseS‚
684 1771 861 1852 officiarios,
883 1772 1010 1860 aliaque
1033 1774 1175 1839 membra
1196 1773 1275 1838 dicti
1299 1774 1394 1860 burgi
1420 1773 1460 1838 de
1487 1773 1624 1851 Pasleto,
1639 1781 1674 1840 et
1700 1772 1839 1838 habendi
1861 1780 1894 1836 et

487 1876 616 1942 tenendi
634 1876 752 1942 ibidem
769 1901 865 1942 vnum
882 1877 1016 1942 liberum
1032 1879 1137 1943 forum
1154 1877 1427 1965 hepdomodatum
1442 1877 1494 1942 die
1511 1878 1630 1944 veneris
1646 1879 1731 1942 omni
1751 1885 1894 1964 tempore

487 1982 609 2060 futuro,
632 1989 666 2046 et
687 1982 818 2047 tenendi
842 1981 921 2048 duas
947 1982 1092 2071 publicas
1118 1982 1277 2047 nundinas
1304 1982 1421 2048 ibidem
1449 1983 1615 2047 annuatim
1639 1990 1672 2046 et
1694 1982 1894 2069 quottannis‚

488 2109 582 2150 vnam
597 2109 705 2150 earum
722 2087 875 2172 vigesimo
890 2087 1006 2173 quinto
1021 2086 1073 2151 die
1088 2085 1169 2172 Julij
1188 2093 1302 2152 vocato
1317 2087 1357 2152 lie
1368 2089 1463 2152 Salat
1477 2091 1584 2153 lomes
1598 2089 1649 2152 tlte
1659 2087 1894 2174 Apostlc'aday‚

486 2190 622 2255 alteram
652 2213 726 2254 vero
757 2191 909 2276 vigesimo
938 2197 1030 2254 sexto
1060 2189 1112 2254 die
1142 2190 1292 2255 Octobris
1322 2198 1436 2257 vocato
1469 2193 1508 2256 lie
1536 2194 1584 2258 St.
1616 2193 1803 2256 Mornoclris
1830 2191 1895 2276 day

487 2295 653 2359 annuatim
679 2295 766 2359 omni
792 2302 936 2382 tempore
964 2296 1085 2372 futuro,
1108 2317 1178 2358 cum
1207 2294 1363 2382 tollonijs,
1379 2293 1419 2360 lie
1440 2293 1507 2373 solt,
1528 2295 1691 2373 custumis,
1707 2293 1894 2382 privilegijs,

483 2397 774 2484 jurisdictionibus,
789 2397 1073 2462 commoditatibus
1089 2405 1122 2464 et
1135 2398 1394 2463 immunitatibus
1406 2398 1647 2484 quibuscunque
1659 2398 1894 2486 pertinentibus

487 2502 537 2566 vel
552 2502 763 2588 quovismodo
778 2502 959 2567 valentibus
974 2502 1016 2566 ad
1031 2502 1154 2568 dictum
1170 2501 1307 2589 burgum
1327 2501 1367 2567 de
1382 2502 1532 2579 Pasleto;
1555 2505 1606 2567 Ac
1627 2502 1807 2590 specialiter
1828 2503 1894 2567 sine

487 2604 665 2694 prejudicio
678 2604 899 2691 generalitatis
914 2604 1068 2692 predicte,
1082 2628 1154 2669 cum
1171 2605 1350 2692 privilegio,
1365 2604 1515 2671 libertate
1534 2629 1571 2669 ac
1594 2611 1755 2693 potestate
1769 2605 1893 2669 emendi

487 2717 521 2774 et
536 2708 693 2774 vendendi
709 2710 742 2773 in
758 2707 847 2774 dicto
861 2708 965 2796 burgo
988 2709 1239 2788 vinum,ceran1‚
1255 2731 1408 2795 pannum,
1430 2708 1551 2772 lineum
1574 2715 1608 2774 et
1631 2708 1769 2786 laneum,
1791 2708 1892 2774 latum

487 2835 541 2877 scu
567 2820 704 2890 arctum,
725 2819 759 2877 et
781 2834 970 2898 quacunque
991 2811 1056 2875 alia
1078 2811 1164 2876 bona
1189 2818 1223 2875 et
1249 2811 1453 2875 mercimonia
1478 2810 1554 2876 illuc
1579 2811 1793 2891 advenientia,
1822 2835 1893 2876 cum

488 2923 649 3004 potestate
663 2924 697 2980 et
720 2915 870 2981 libertate
892 2915 1030 2980 habendi
1053 2924 1086 2980 et
1113 2915 1242 2981 tenendi
1268 2915 1386 2980 ibidem
1414 2917 1559 3003 pistores,
1574 2915 1775 2993 brasiatoros,
1790 2917 1893 2980 carni-

487 3022 570 3098 fices,
594 3028 718 3087 ettam
744 3021 885 3084 carnium
913 3043 1009 3106 quam
1037 3020 1170 3107 piscium
1197 3019 1404 3098 macellarios,
1430 3027 1464 3084 et
1489 3021 1607 3084 artium
1634 3042 1894 3107 quarumcunque

487 3124 647 3211 operarios
662 3124 704 3188 ad
723 3122 846 3188 dictum
869 3123 1007 3209 burgum
1030 3131 1210 3211 spectantes
1236 3131 1268 3188 et
1296 3122 1479 3188 libertatem
1501 3122 1654 3209 ejusdem,
1676 3123 1893 3210 quodquidam

487 3226 625 3314 burgum
655 3235 689 3292 et
719 3226 795 3290 villa
823 3227 863 3291 de
894 3226 1021 3292 Pasleto
1050 3250 1121 3290 acre
1151 3225 1309 3312 burgales,
1339 3226 1451 3302 emite,
1482 3233 1676 3305 tenementa,
1702 3225 1826 3305 domus,
1853 3226 1894 3290 lie

487 3330 741 3409 burrowmoillia,
756 3338 790 3395 et
805 3338 889 3394 terre
904 3330 944 3394 de
959 3329 1120 3394 Seidhillis
1135 3329 1236 3394 eidem
1254 3337 1412 3394 annexate
1427 3330 1512 3393 infra
1531 3329 1653 3394 bundas
1675 3338 1709 3395 et
1731 3331 1894 3395 territoria

486 3435 785 3522 supramentionata
805 3437 954 3522 (excepto
982 3441 1017 3497 vt
1043 3435 1130 3521 prius
1157 3434 1331 3519 excipitur)
1353 3432 1439 3497 dicte
1465 3433 1643 3497 feudilirme
1669 3433 1791 3498 divorie
1816 3434 1891 3498 olim

485 3538 604 3616 debite,
629 3538 773 3624 obligate
795 3545 828 3602 et
854 3539 969 3602 vsitate
996 3538 1074 3602 solvi
1102 3545 1180 3602 tunc
1204 3538 1356 3624 temporis
1383 3545 1417 3602 et
1442 3560 1482 3600 ex
1511 3561 1549 3601 eo
1579 3544 1724 3624 tempore
1753 3540 1893 3624 personis

485 3643 658 3730 respective
673 3666 769 3730 supra
784 3643 957 3707 nominatis
973 3641 1012 3707 de
1027 3649 1061 3706 et
1077 3665 1136 3728 pro
1151 3641 1240 3706 dicto
1256 3640 1359 3726 burgo
1374 3640 1414 3704 de
1430 3640 1568 3717 Pasleto,
1580 3640 1739 3719 domibus,
1751 3641 1892 3720 edificiis,

486 3747 599 3821 hortis,
615 3746 815 3823 tenementis,
831 3746 921 3823 acris,
936 3744 1024 3809 rudis
1039 3752 1073 3808 et
1089 3744 1233 3831 percellis
1256 3751 1340 3808 terre
1361 3743 1503 3827 ejusdem
1523 3743 1675 3809 bondatis
1695 3752 1728 3809 et
1751 3769 1892 3831 compre·

485 3850 699 3915 hendentibus
714 3857 750 3915 vt
766 3849 943 3936 predicitur
957 3856 991 3914 et
1013 3847 1257 3912 excludentibus
1280 3854 1315 3910 vt
1335 3847 1495 3933 prefertur
1516 3870 1587 3912 cum
1611 3849 1754 3933 antiquis
1769 3856 1803 3912 et
1817 3872 1891 3912 con-

485 3955 582 4019 suetis
612 3953 788 4042 privilegijs
818 3961 851 4017 et
880 3952 1087 4018 libertatibus
1117 3951 1202 4016 illius
1229 3953 1331 4038 partis
1356 3950 1504 4037 glebarij‚
1532 3951 1571 4014 lie
1596 3974 1672 4028 moa,
1698 3951 1738 4015 de
1765 3952 1892 4017 Pasleto

485 4057 626 4123 bondate
650 4065 684 4122 vt
706 4079 803 4144 supra
824 4063 858 4120 et
877 4056 1064 4143 specificatis
1087 4056 1120 4119 in
1139 4055 1267 4142 juribus
1291 4055 1442 4118 concessis
1466 4053 1560 4118 dictis
1586 4053 1723 4131 ballivis,
1750 4057 1891 4121 thesaur·

484 4162 585 4239 arion,
615 4159 803 4246 consiliarijs
830 4167 864 4223 et
889 4159 1114 4223 communitati
1143 4157 1222 4221 dicti
1250 4156 1345 4243 burgi
1370 4158 1497 4243 suisque
1522 4156 1793 4244 predecessoribus
1819 4182 1890 4223 cum

484 4271 655 4352 potestate,
672 4262 809 4351 juribus,
828 4261 1004 4349 privilegijs
1026 4261 1124 4325 latius
1146 4260 1385 4347 particulariter
1407 4260 1711 4345 supramentionatis
1737 4270 1892 4348 perpetuo

484 4368 674 4434 hereditarie
698 4365 740 4429 ad
767 4364 980 4428 Willielmum
1006 4364 1182 4427 Dominum
1210 4363 1383 4440 Cochrane‚
1403 4362 1615 4426 Willielmum
1641 4365 1829 4449 magistrum
1851 4364 1891 4430 de

485 4472 648 4537 Coehrane
663 4470 731 4556 ejus
747 4469 847 4533 filiurn
864 4467 1044 4553 legitimum
1068 4474 1147 4532 natu
1171 4467 1344 4530 maximum
1362 4474 1395 4530 et
1410 4465 1572 4553 predictos
1586 4465 1733 4546 ballivos,
1748 4469 1890 4533 thesaur-

484 4577 598 4653 arium,
621 4572 816 4638 consiliarios
838 4578 872 4635 et
894 4571 1158 4634 communitatem
1183 4569 1262 4634 dicti
1289 4569 1382 4655 burgi
1407 4569 1447 4633 de
1473 4569 1601 4634 Pasleto
1625 4569 1674 4633 vel
1698 4571 1890 4637 alterutrum

484 4701 592 4745 eorum
617 4677 720 4743 dictos
746 4674 958 4739 Willielmum
989 4674 1165 4736 Dominum
1198 4673 1372 4750 Cochmne,
1394 4671 1606 4736 Willielmum
1639 4675 1826 4760 magistrum
1851 4675 1891 4741 de

484 4783 523 4848 de
539 4781 702 4846 Cochrane
724 4779 792 4865 ejus
816 4776 915 4841 filium
939 4775 1118 4861 legitimum
1145 4772 1193 4837 vel
1216 4773 1319 4838 dictos
1343 4774 1489 4852 ballivos
1505 4775 1749 4854 thesaurarium,
1765 4778 1890 4842 consili-

484 4889 567 4952 arios
582 4893 615 4951 et
630 4882 895 4948 communitatem
911 4878 989 4943 dicti
1007 4879 1099 4964 burgi
1116 4878 1352 4963 pertinuerunt,
1367 4885 1400 4942 et
1416 4901 1472 4964 per
1487 4902 1539 4942 eos
1555 4903 1729 4966 eorumque
1741 4905 1889 4966 procura-

484 4999 569 5055 tores
585 5011 694 5053 eorum
710 4984 891 5051 nominibus
907 5005 964 5069 per
979 4987 1126 5068 patentes
1141 4978 1249 5044 literas
1272 4988 1305 5044 et
1325 4982 1588 5067 procuratoriales
1608 4985 1833 5069 resignationis
1847 4987 1889 5052 ad
