4412 5948
423 1540 840 1646 CHARTERS
899 1542 1069 1644 AND
1132 1537 1644 1644 DOCUMENTS.

328 2156 539 2221 l.-Clrarter
561 2157 606 2241 ‘f
620 2157 848 2242 Corfirmation
871 2157 911 2242 by
936 2157 1097 2234 Malcolm‚
1118 2158 1214 2243 King
1233 2157 1278 2241 ‘f
1291 2157 1392 2235 Scotc,
1415 2163 1446 2220 to
1475 2155 1604 2231 Walter,
1625 2176 1683 2218 coo
1705 2153 1750 2237 (f

412 2259 510 2338 Alam,
543 2261 588 2345 φο
611 2260 661 2324 the
696 2261 780 2346 office
808 2261 846 2344 ry
872 2261 1068 2345 Hereditary
1094 2261 1248 2338 Stezcard,
1270 2261 1336 2324 und
1364 2259 1409 2344 of
1428 2259 1547 2323 certain
1577 2257 1740 2320 Larus.-

413 2364 604 2441 Roxaoaon,
619 2363 702 2428 alth
717 2365 740 2427 J
742 2385 816 2442 oua,
831 2386 895 2429 ao.
913 2366 1008 2428 1158.

326 2549 425 2616 Carta
440 2550 624 2615 hereditarii
640 2551 733 2615 officii
749 2550 972 2615 senescallatus
987 2552 1093 2615 Scotie
1108 2557 1142 2616 et
1157 2550 1197 2614 de
1212 2550 1343 2615 diversis
1358 2551 1478 2614 terris¹

325 2689 612 2755 MALCOLMUS
642 2713 697 2755 rex
724 2693 921 2769 Scottorum,
946 2692 1113 2778 episcopis,
1140 2690 1323 2772 abbatibus,
1349 2690 1531 2768 comitibus,
1557 2687 1743 2759 baronibus,

321 2792 473 2880 justiciis,
489 2794 737 2873 vicecomitibus,
752 2795 935 2882 prepositis,
950 2795 1115 2872 ministris,
1130 2796 1316 2881 cunctisque
1333 2795 1404 2859 aliis
1423 2794 1533 2882 probis
1548 2791 1742 2868 hominibus,

326 2895 446 2961 clericis
462 2905 495 2961 et
510 2896 609 2977 laicis,
624 2898 754 2962 Francis
773 2905 807 2962 et
817 2898 957 2985 'Anglis,
973 2899 1077 2963 Scotis
1092 2905 1125 2962 et
1148 2898 1446 2976 Gallowidensibus‚
1461 2899 1563 2963 totius
1581 2906 1665 2962 terre
1687 2917 1742 2959 sue

326 3008 393 3066 tam
411 3002 609 3089 presentibus
625 3025 722 3088 quam
743 3002 871 3080 futuris,
887 3002 1032 3067 salutem.
1079 3003 1202 3068 Notum
1219 3002 1262 3067 sit
1285 3001 1374 3067 vobis
1397 3002 1544 3067 omnibus
1566 3001 1654 3088 quod
1676 3001 1741 3089 pri-

325 3125 459 3189 usquam
485 3127 574 3168 arma
600 3105 733 3191 suscepi,
759 3105 908 3184 concessi,
932 3113 966 3171 et
991 3105 1052 3169 hac
1078 3127 1149 3168 mea
1173 3112 1262 3170 carta
1287 3106 1470 3169 confirmavi
1499 3105 1646 3170 Waltero
1671 3102 1739 3168 lilio

326 3207 427 3272 Alani
442 3207 588 3295 dapifero
604 3231 675 3272 meo
690 3216 724 3273 et
739 3208 910 3273 heredibus
925 3209 988 3273 suis
1003 3209 1043 3273 de
1058 3208 1153 3274 feodo
1175 3216 1210 3273 et
1229 3209 1408 3274 hereditate
1423 3209 1628 3274 donationem
1644 3231 1742 3294 quam

326 3335 382 3376 rex
397 3312 505 3376 David
521 3335 598 3376 avus
614 3335 701 3376 meus
716 3313 745 3376 ei
760 3311 862 3388 dedit,
874 3312 994 3378 scilicet
1008 3313 1156 3377 Renfrew
1168 3321 1202 3380 et
1213 3314 1376 3379 Passeleth
1388 3323 1422 3380 et
1437 3315 1546 3379 Polloc
1557 3321 1591 3380 et
1602 3312 1743 3378 Talahec

326 3423 361 3480 et
377 3414 516 3480 Kerkert
531 3422 565 3480 et
580 3414 610 3480 le
625 3417 714 3502 Drep
730 3423 764 3481 ct
778 3415 808 3479 lc
824 3417 975 3481 Mutrene
990 3423 1025 3481 et
1039 3416 1205 3503 Eglisham
1222 3425 1256 3482 et
1271 3418 1495 3482 Lochinauche
1507 3425 1541 3482 et
1556 3415 1743 3495 Innerwick,

327 3543 399 3585 cum
415 3520 563 3585 omnibus
579 3522 711 3585 istarum
729 3528 884 3585 terrarum
901 3522 1113 3607 pertinentiis.
1155 3523 1201 3585 Et
1216 3521 1363 3587 similiter
1374 3524 1402 3586 ei
1418 3521 1609 3586 hereditarie
1620 3521 1694 3586 dedi
1709 3529 1744 3586 ct

327 3622 387 3686 hac
402 3646 473 3687 mea
489 3629 578 3687 carta
593 3623 777 3686 confirmavi
792 3623 1004 3687 senescalliam
1026 3647 1140 3701 meam,
1155 3623 1326 3688 tenendam
1349 3624 1409 3689 sibi
1433 3632 1466 3688 et
1489 3623 1657 3688 heredibus
1679 3624 1744 3687 suis

328 3727 368 3794 de
390 3751 441 3792 me
463 3734 497 3792 et
521 3725 690 3790 heredibus
715 3728 792 3791 meis
815 3727 991 3792 liberaliter
1018 3729 1051 3792 in
1077 3727 1172 3793 feodo
1199 3736 1233 3793 et
1255 3729 1433 3794 hereditate
1460 3731 1508 3794 ita
1531 3728 1611 3793 bene
1637 3728 1745 3796 etita

327 3832 469 3920 plenarie
484 3833 568 3896 sicut
582 3853 638 3895 rex
653 3831 762 3895 David
776 3832 805 3895 ei
821 3831 1034 3896 senescalliam
1051 3855 1139 3896 suam
1157 3831 1269 3896 melius
1292 3840 1326 3897 et
1340 3833 1501 3919 plenarius
1515 3831 1606 3897 dedit
1621 3840 1655 3898 et
1669 3855 1744 3897 con-

327 3936 432 4014 cessit,
446 3941 480 4000 et
496 3936 579 3999 sicut
594 3935 661 4022 ipse
676 3957 746 3999 eam
762 3934 874 3998 melius
896 3942 930 3999 et
952 3934 1113 4022 plenarius
1133 3935 1175 3999 ab
1199 3959 1236 4000 eo
1258 3936 1374 4001 tenuit.
1421 3938 1570 4001 Preterea
1595 3958 1655 4021 ego
1677 3937 1745 4022 ipse

327 4039 430 4106 eidem
448 4039 596 4104 Waltero
612 4039 645 4102 in
661 4037 757 4103 leudo
772 4045 806 4104 et
820 4037 1000 4102 hereditate
1014 4038 1088 4105 dedi
1105 4046 1139 4105 et
1153 4039 1214 4103 hac
1232 4039 1341 4104 eedem
1365 4047 1454 4104 carta
1475 4040 1671 4118 confirmavi,
1686 4063 1746 4128 pro

328 4145 459 4210 servitio
474 4143 562 4230 quod
577 4143 645 4230 ipse
660 4143 727 4228 regi
742 4142 850 4207 David
865 4150 900 4207 et
914 4143 994 4207 mihi
1010 4143 1072 4230 ipsi
1094 4144 1183 4222 fecit,
1206 4145 1324 4208 Prethe
1338 4152 1496 4230 quantum
1517 4168 1573 4209 rex
1588 4144 1696 4209 David
1711 4145 1745 4208 in

329 4269 426 4311 manu
441 4269 499 4310 sua
513 4245 631 4322 tenuit,
646 4251 680 4308 et
696 4244 859 4308 Inchenan
874 4252 909 4309 et
924 4245 1085 4311 Steintum
1103 4253 1137 4310 et
1151 4245 1407 4311 Halestonesden
1422 4254 1456 4311 et
1471 4246 1697 4333 Legerdsuode
1712 4254 1746 4311 et

328 4347 558 4436 Birchinsyde;
579 4349 627 4412 Et
641 4355 786 4434 preterea
801 4349 834 4412 in
851 4371 1044 4435 unoquoque
1058 4349 1162 4435 burgo
1178 4373 1248 4414 meo
1269 4358 1303 4415 et
1324 4351 1358 4414 in
1375 4373 1566 4438 unaquaque
1582 4351 1744 4416 dominica

328 4455 414 4540 gista
430 4475 501 4516 mea
514 4474 572 4540 per
586 4458 689 4516 totam
706 4459 824 4516 terram
841 4475 954 4529 meam,
969 4475 1069 4517 unum
1085 4453 1262 4540 plenarium
1278 4454 1399 4519 toltum
1421 4454 1463 4518 ad
1478 4454 1620 4541 hospitia
1634 4454 1695 4519 sibi
1711 4454 1745 4518 in

329 4580 367 4621 eo
383 4555 539 4634 facienda,
554 4562 587 4619 et
603 4577 674 4618 cum
691 4577 885 4641 unoquoque
901 4555 986 4620 tofto
1003 4556 1136 4642 virginti
1151 4580 1239 4620 acras
1258 4564 1350 4621 terre.
1397 4559 1502 4635 Quare
1525 4556 1597 4622 volo
1620 4564 1654 4621 et
1675 4580 1746 4644 pre-

329 4660 414 4747 cipio
429 4665 468 4723 ut
483 4658 567 4722 idem
584 4657 749 4722 Walterus
764 4665 798 4723 et
813 4657 943 4722 heredes
958 4658 1027 4745 ejus
1043 4659 1076 4722 in
1092 4659 1187 4724 feodo
1202 4667 1237 4724 et
1251 4659 1431 4724 hereditate
1446 4667 1578 4726 teneant
1593 4660 1632 4725 de
1648 4683 1698 4724 me
1713 4669 1747 4726 et

400 4893 492 4949 ¹Actu
504 4893 757 4948 Parliameotorum
768 4893 874 4961 Scotto,
890 4893 907 4948 i.
923 4895 966 4948 92.
1015 4894 1126 4964 Paislry
1140 4894 1307 4964 leartulary
1319 4895 1349 4949 in
1361 4896 1410 4950 tha
1424 4896 1511 4950 town
1524 4897 1671 4952 Archivee.

653 4979 811 5050 rimarum
822 4979 989 5036 Mamerti
1000 4981 1032 5036 de
1044 4981 1171 5051 Porselrt,
1186 4982 1347 5052 Appendix,
1362 5000 1388 5052 p.
1406 4983 1430 5037 l.

1027 5091 1047 5132 A
