4438 5976
689 860 746 923 OF
775 857 873 923 THE
903 855 1066 923 BURGH
1098 859 1154 921 OF
1184 855 1387 923 PAISLEY.
1682 858 1741 922 111

336 1045 423 1109 hunc
437 1047 585 1110 ellectum
600 1045 779 1133 specialiter
794 1047 998 1122 constitutos,
1010 1068 1089 1132 pure
1100 1052 1134 1108 et
1145 1045 1333 1132 simpliciter
1347 1068 1403 1132 per
1415 1045 1524 1109 fustim
1541 1050 1575 1109 et
1586 1043 1747 1122 baculum,

338 1155 374 1212 vt
390 1149 486 1212 moris
501 1157 560 1227 est,
575 1150 737 1235 resignata
751 1149 882 1213 fuerunt
897 1150 929 1212 in
947 1148 1092 1213 manibus
1110 1149 1451 1212 commissionariorum
1475 1147 1576 1213 nostri
1599 1148 1743 1233 scaccarij

337 1251 526 1316 habentium
542 1259 684 1317 nostram
700 1260 894 1340 potestatem
911 1251 1082 1338 recipiendi
1102 1252 1331 1337 resignationes
1343 1259 1453 1316 nostro
1465 1253 1603 1330 nomine,
1615 1259 1649 1316 et
1664 1275 1748 1316 nova

338 1356 568 1421 infeofamenta
584 1358 792 1424 conformiter
813 1356 1065 1434 concedentium,
1088 1357 1121 1420 in
1143 1358 1296 1434 favorem,
1318 1365 1351 1423 et
1374 1380 1434 1445 pro
1456 1379 1540 1420 novo
1561 1357 1621 1421 hoc
1637 1364 1747 1421 nostro

339 1460 569 1526 infeofamento
598 1461 745 1526 faciendo
775 1469 809 1528 et
838 1460 1039 1526 coneedendo
1069 1485 1126 1548 per
1155 1484 1212 1525 nos
1241 1468 1430 1547 nostrosque
1463 1461 1748 1525 commissionarios

339 1564 484 1649 scaccarij
502 1571 613 1629 nostro
628 1566 766 1642 nomine,
782 1564 877 1628 dictis
893 1563 1029 1640 ballivis,
1045 1564 1254 1644 thesaurari0,
1269 1564 1458 1650 consiliarijs
1473 1571 1507 1628 et
1521 1564 1747 1628 communitati

339 1665 420 1732 dicti
434 1667 529 1754 burgi
544 1676 578 1734 et
593 1669 818 1734 suscessoribus
834 1669 898 1732 suis
920 1669 954 1733 in
976 1667 1071 1732 dictis
1093 1668 1204 1755 officijs
1230 1668 1382 1756 ejusdem,
1408 1667 1495 1755 apud
1520 1667 1746 1753 Edinburgum

340 1772 492 1858 vigesimo
516 1781 633 1859 quarto
659 1773 711 1838 die
738 1774 852 1838 mensis
879 1772 1067 1838 Novembris
1095 1772 1209 1836 vltimo
1239 1772 1358 1860 elapso,
1385 1780 1483 1860 prout
1512 1773 1545 1836 in
1576 1773 1748 1837 autenticis

338 1876 559 1942 instrumentis
574 1879 747 1964 respective
762 1901 856 1965 super
867 1876 969 1942 dictas
984 1877 1224 1963 resignationes‚
1236 1877 1372 1964 sumptis
1388 1877 1420 1940 in
1434 1876 1580 1941 manibus
1592 1875 1745 1962 Magistri

340 1980 477 2045 Roberti
492 1981 637 2046 Wallace
659 1983 777 2046 notarii
801 1981 921 2069 publici
944 1982 1041 2046 latius
1064 1981 1256 2046 continetur.
1303 1982 1437 2068 Insuper
1460 2004 1529 2059 nos,
1551 2004 1623 2044 eum
1648 1980 1748 2044 avisa-

341 2091 451 2150 menta
476 2091 511 2150 et
536 2108 688 2149 consensu
715 2086 904 2173 prescripto,
927 2085 1165 2163 ratificavimus,
1190 2083 1439 2173 approbavimus
1464 2091 1498 2148 et
1524 2084 1583 2148 hac
1609 2083 1749 2171 presenti

340 2195 430 2252 carta
445 2195 555 2253 nostra
569 2189 835 2268 continnavirnus,
850 2195 1024 2274 tenoreque
1039 2187 1181 2272 ejusdem
1197 2189 1401 2266 ratificamus,
1412 2188 1628 2275 approbamus
1641 2211 1679 2252 ae
1691 2211 1750 2275 pro

341 2291 433 2356 nobis
448 2299 482 2356 et
501 2292 729 2357 suecessoribus
752 2294 869 2357 nostris
891 2315 950 2379 pro
976 2299 1133 2380 perpetuo
1157 2293 1379 2356 confirmamus
1403 2299 1604 2357 contractum
1630 2291 1748 2356 aliena·

341 2395 438 2459 tionis
468 2395 602 2474 sactum,
639 2397 756 2461 initum
786 2404 820 2461 et
850 2396 1027 2484 perfectum
1058 2396 1143 2459 inter
1173 2394 1295 2459 dictum
1327 2395 1541 2459 Willielmum
1571 2395 1747 2460 Dominum

341 2500 505 2565 Cochrane
526 2500 738 2566 Willielmum
762 2501 957 2587 Magistrum
980 2500 1020 2565 de
1047 2501 1211 2564 Cochrane
1234 2500 1345 2565 ambos
1371 2501 1511 2564 vnanimi
1538 2522 1690 2564 consensu
1716 2507 1750 2564 et

341 2626 467 2667 assensu
482 2603 525 2668 ab
540 2626 603 2668 vna
617 2613 721 2692 parte,
736 2611 769 2669 et
785 2604 996 2668 Willielmum
1013 2603 1188 2668 Greinleies
1208 2611 1242 2668 et
1264 2605 1423 2667 Joannem
1440 2603 1536 2680 Park,
1551 2610 1751 2679 mercatores,

344 2713 419 2772 tunc
442 2707 578 2772 ballivos
603 2707 683 2772 dicti
715 2707 807 2794 burgi
838 2707 878 2772 de
905 2707 1042 2784 Pasleto,
1065 2706 1276 2771 Willielmum
1303 2708 1390 2771 Love
1417 2714 1495 2771 tnnc
1517 2707 1749 2771 thesaurarium

342 2809 420 2874 dicti
436 2810 532 2897 burgi
547 2819 581 2876 et
595 2811 791 2876 consiliarios
805 2819 885 2877 tune
900 2812 1053 2897 temporis
1076 2810 1156 2874 inibi
1179 2810 1412 2876 subscribentes
1436 2834 1496 2898 pro
1519 2811 1695 2897 semetipsis
1717 2818 1751 2875 et

342 2914 503 3002 capientes
518 2939 598 2979 onus
613 2939 672 3002 pro
687 2917 920 2980 communitate
935 2915 1014 2980 dicti
1030 2914 1125 3000 burgi
1140 2914 1183 2979 ab
1197 2914 1300 2979 altera
1315 2923 1419 3002 parte,
1433 2914 1474 2980 de
1492 2914 1570 2980 data
1585 2915 1684 2979 tertio
1699 2915 1751 2980 die

343 3019 424 3105 Maij
456 3042 541 3083 anno
571 3021 703 3084 Domini
735 3019 902 3084 millesimo
933 3020 1159 3084 sexcentesimo
1189 3020 1454 3106 quinquagesimo
1481 3026 1606 3096 octav0,
1631 3021 1751 3084 virtute

342 3113 563 3210 cujus'quidem
579 3131 763 3188 contractus
785 3123 890 3188 dietus
914 3123 1108 3188 Willielmus
1131 3124 1289 3187 Dominus
1312 3124 1476 3188 Cochrane
1498 3132 1532 3188 et
1558 3123 1751 3188 Willielmus

343 3227 501 3313 Magister
515 3226 668 3314 ejusdem,
686 3227 755 3314 ejus
776 3227 859 3290 filius
881 3227 1056 3313 legitimus,
1076 3227 1354 3304 renunciaverunt,
1376 3226 1567 3291 dimiserunt
1589 3233 1623 3291 et
1646 3235 1751 3292 extra-

343 3329 543 3395 donaverunt
560 3331 715 3418 omnejus
730 3331 965 3417 superioritatis
980 3329 1059 3394 dicti
1075 3329 1170 3415 burgi
1187 3328 1226 3394 de
1242 3330 1369 3394 Pasleto
1381 3331 1466 3394 infra
1476 3329 1599 3395 bondas
1611 3332 1750 3417 partien-

343 3433 454 3498 lariter
475 3436 797 3521 supramentionatas,
819 3442 968 3522 exceptas
998 3443 1034 3499 vt
1064 3436 1151 3522 prius
1176 3435 1345 3521 excipitur,
1367 3434 1409 3499 ad
1432 3435 1581 3499 effectum
1607 3436 1640 3498 in
1664 3434 1752 3499 dieto

344 3545 511 3602 contractu
528 3561 697 3626 expressas.
744 3541 856 3616 Porro,
870 3538 976 3603 dictus
997 3538 1190 3603 Willielmus
1206 3538 1363 3602 Dominus
1386 3539 1550 3603 Cochrane
1565 3546 1599 3603 et
1616 3538 1751 3603 Williel-

345 3664 414 3705 mus
430 3642 588 3728 Magister
609 3642 763 3730 ejusdem,
778 3642 874 3707 ambo
897 3642 1037 3706 vuanimi
1061 3665 1214 3706 consensu
1240 3650 1273 3706 et
1293 3665 1418 3706 assensu
1445 3642 1609 3729 predictis,
1632 3643 1753 3708 virtute

344 3744 423 3809 dicti
439 3752 623 3810 contractus
638 3747 904 3811 renunciaverunt
919 3747 1118 3834 simpliciter,
1132 3753 1384 3811 exoneraverant
1404 3753 1438 3810 et
1459 3745 1753 3812 extradonaverunt

345 3848 387 3912 ab
401 3848 476 3925 illis,
491 3849 660 3915 heredibus
679 3873 787 3914 eorum
811 3858 845 3917 et
867 3851 1106 3928 successoribuS,
1128 3849 1170 3914 ad
1192 3857 1226 3913 et
1251 3849 1283 3912 in
1307 3849 1448 3913 favorem
1470 3849 1630 3914 dictorum
1659 3849 1752 3914 balli-

346 3974 468 4028 vorum,
482 3953 747 4032 consiliariorum,
762 3953 964 4038 thesaurarii,
979 3954 1219 4017 communitatis
1242 3958 1275 4017 et
1297 3952 1550 4017 inhabitantium
1567 3952 1646 4017 dicti
1658 3952 1752 4039 burgi

346 4053 385 4119 de
407 4054 536 4119 Pasleto
558 4079 731 4143 eorumque
754 4079 976 4135 successorum,
992 4079 1086 4120 omne
1106 4056 1160 4143 jus
1183 4056 1390 4143 proprietatis
1414 4062 1448 4118 et
1474 4056 1698 4142 Magistratus,
1714 4056 1754 4120 lie

346 4158 559 4241 Mapistrmic,
581 4161 661 4225 dicti
687 4161 782 4247 burgi
805 4169 839 4226 et
864 4161 1028 4225 electionis
1050 4159 1253 4237 ballivorum,
1280 4159 1543 4236 consiliariorum,
1569 4159 1751 4225 clericorum

346 4260 563 4348 burgensium,
584 4262 793 4327 officiarorum
817 4263 1016 4349 aliorumque
1040 4262 1254 4328 membrorum
1279 4261 1419 4348 ejusdem
1442 4263 1474 4327 in
1498 4263 1586 4326 omni
1610 4269 1754 4350 ternpore

346 4363 468 4444 futuro,
483 4372 517 4429 et
531 4372 786 4431 tenementorum
802 4373 959 4430 terrarum
975 4365 1175 4452 aliorumque
1190 4366 1274 4429 infra
1291 4365 1414 4429 dietum
1436 4365 1573 4453 burgum
1598 4373 1632 4429 et
1654 4373 1753 4430 terras

346 4467 386 4532 de
401 4468 533 4533 Seidhill
549 4468 650 4533 eidem
666 4478 842 4534 annexatas
857 4470 941 4534 inira
952 4469 1075 4533 bondas
1088 4476 1123 4534 et
1133 4468 1296 4534 territoria
1307 4468 1448 4555 ejusdem
1457 4470 1755 4556 supramentionata

347 4573 509 4659 (Excepto
532 4579 568 4635 vt
591 4573 678 4659 prius
700 4574 896 4660 excipitur):
923 4573 978 4638 Ad
1001 4574 1149 4638 effectum
1172 4573 1250 4638 dicti
1275 4572 1397 4652 ballivi,
1419 4573 1592 4659 consiliarij
1613 4581 1647 4638 et
1669 4597 1753 4638 eom-

346 4675 489 4740 munitas
503 4674 583 4741 dicti
598 4675 693 4762 burgi
709 4677 835 4762 suisque
850 4676 1078 4741 successoribus
1100 4678 1292 4754 fruerentur,
1307 4676 1485 4762 gauderent
1499 4684 1533 4741 et
1555 4677 1755 4765 possiderent

347 4778 456 4844 eadem
472 4778 643 4844 secundum
656 4781 732 4867 jura
747 4781 931 4866 respective,
946 4787 980 4844 et
995 4804 1124 4868 capaces
1139 4781 1205 4844 sint
1219 4787 1252 4844 et
1267 4781 1392 4868 possint
1406 4780 1533 4867 eligere,
1547 4804 1706 4846 removere
1721 4788 1755 4845 et

347 4884 534 4947 continuare
564 4906 636 4947 suos
667 4885 886 4970 magistratus,
916 4883 1067 4963 Ballivos,
1096 4883 1312 4960 Consiliarios,
1338 4884 1576 4962 ThesaurarioS,
1607 4884 1755 4961 Clemens,

348 4985 525 5061 officiarios,
538 4984 709 5073 burgenses
724 4993 758 5050 et
772 4987 881 5051 omnia
895 4985 959 5050 alia
975 4986 1116 5051 membra
1134 4988 1306 5051 necessaria
1328 4995 1362 5051 et
1386 4989 1504 5051 vsitata
1526 4987 1611 5051 infra
1631 4987 1753 5051 dictum
