4412 5948
682 846 739 908 OF
767 847 864 910 THE
895 846 1057 911 BURGH
1088 847 1147 909 OF
1176 845 1380 909 PAISLEY.
1698 847 1740 913 75

329 1032 550 1121 prenominata
568 1041 661 1111 terre,
677 1033 809 1099 baronia
832 1042 865 1098 et
887 1034 953 1098 alia
975 1035 1191 1122 suprascripta
1211 1057 1265 1098 seu
1280 1031 1450 1098 earundem
1466 1055 1540 1120 pars
1554 1033 1664 1120 aliqua
1686 1056 1743 1122 per

328 1135 462 1201 abbates
477 1159 529 1200 seu
546 1137 835 1202 commendatarios
851 1138 890 1203 de
907 1139 1035 1203 Pasleto
1051 1161 1110 1226 pro
1122 1145 1267 1225 ternpore
1279 1144 1313 1201 et
1324 1144 1515 1201 conventum
1532 1136 1670 1200 eiusdem
1684 1136 1742 1201 ali-

330 1239 446 1326 quibus
461 1240 660 1327 temporibus
676 1242 838 1328 preteritis
853 1241 997 1328 legitime
1019 1243 1052 1306 in
1076 1242 1286 1306 feudilirmam
1304 1240 1408 1305 locate
1423 1242 1499 1318 sint,
1513 1248 1547 1304 et
1562 1240 1587 1304 si
1609 1239 1742 1304 infecta·

331 1352 440 1409 menta
451 1343 587 1432 desuper
597 1345 744 1410 confecta
755 1345 898 1432 legitime
911 1346 994 1410 infra
1006 1354 1133 1434 tempus
1144 1345 1290 1411 debitum
1303 1367 1362 1432 per
1372 1367 1429 1409 nos
1440 1352 1500 1408 aut
1511 1344 1743 1431 predecessores

330 1455 457 1512 nostros
472 1471 526 1512 seu
541 1447 640 1512 alium
655 1472 876 1535 quemcunque
888 1450 1031 1515 ordinem
1048 1450 1228 1536 legitimum
1241 1450 1324 1514 intra
1335 1471 1467 1535 regnum
1480 1455 1624 1512 nostrum
1637 1472 1743 1536 recep·

330 1559 399 1616 tum
423 1559 457 1616 et
480 1551 685 1618 obseruatum
707 1554 896 1618 confirmata
911 1562 944 1619 et
959 1553 1141 1641 approbata
1155 1554 1287 1631 fuerint,
1303 1560 1380 1616 tunc
1395 1560 1429 1617 et
1445 1553 1478 1615 in
1497 1576 1535 1616 eo
1549 1575 1622 1616 casu
1638 1552 1743 1617 dictus

331 1657 488 1720 Dominus
514 1656 667 1721 Claudius
690 1657 916 1721 Hammiltoun
939 1665 973 1725 et
993 1659 1041 1721 sui
1062 1657 1191 1722 heredes
1219 1655 1348 1721 masculi
1372 1663 1406 1720 et
1427 1656 1581 1742 assignati
1606 1655 1741 1743 predicti

330 1759 508 1837 habebunt,
522 1761 615 1825 sicuti
632 1784 689 1825 nos
706 1785 762 1848 per
777 1770 948 1848 presentes,
964 1785 1034 1826 curn
1051 1763 1250 1826 auisamento
1265 1760 1437 1825 antedictis
1453 1761 1529 1847 ipsis
1543 1760 1743 1847 disponimus

329 1863 459 1952 plenum
475 1865 524 1929 ius
535 1873 569 1930 et
580 1865 713 1929 titulum
726 1867 934 1953 proprietatis
946 1874 980 1930 et
991 1867 1224 1954 superioritatis
1236 1866 1405 1930 earundem
1422 1873 1580 1952 quantum
1595 1865 1741 1934 abbates

330 1993 384 2033 seu
399 1971 626 2036 comendatarii
639 1971 822 2057 quicunque
837 1971 923 2036 dicte
938 1971 1070 2036 abbacie
1085 1971 1125 2036 de
1140 1970 1265 2058 Paislay
1278 1971 1326 2034 vel
1343 1979 1468 2036 nosmet
1483 1971 1543 2058 ipsi
1560 1971 1743 2047 babuimus,

332 2073 494 2154 babemus,
505 2097 560 2139 seu
571 2074 783 2160 quouismodo
798 2075 839 2139 ad
855 2075 978 2140 easdem
996 2075 1112 2140 habere
1128 2076 1314 2163 poterimus,
1327 2077 1351 2138 si
1369 2099 1495 2162 presens
1507 2082 1596 2140 carta
1612 2076 1742 2139 minime

330 2200 475 2242 concessa
489 2179 612 2257 fuisset,
627 2201 699 2242 cum
716 2178 864 2243 omnibus
879 2181 957 2256 iure,
974 2179 1074 2243 titulo
1089 2187 1123 2244 et
1137 2181 1264 2244 actione
1283 2202 1345 2266 que
1360 2179 1423 2243 illis
1438 2203 1492 2243 seu
1508 2179 1601 2243 nobis
1616 2202 1741 2265 compe-

330 2288 397 2345 tere
412 2289 589 2368 potuerunt
600 2289 658 2345 aut
673 2283 828 2369 poterint,
839 2281 879 2346 ad
893 2282 1053 2368 agendum
1066 2282 1226 2370 predictos
1238 2282 1481 2346 feudilirmarios
1493 2281 1534 2346 ad
1549 2281 1741 2346 solutionem

330 2385 473 2448 omnium
488 2391 522 2449 et
537 2384 733 2470 singularum
750 2385 927 2450 feudifirme
943 2386 1105 2450 firmarum
1121 2385 1321 2472 aliarumque
1335 2385 1536 2450 deuoriarum
1560 2391 1594 2448 et
1615 2385 1741 2449 seruiti-

331 2510 421 2550 orum
444 2488 477 2551 in
501 2487 737 2554 infeofameutis
760 2489 895 2575 desuper
916 2490 1078 2566 conlectis,
1102 2496 1327 2553 contentorum
1349 2496 1382 2552 et
1402 2487 1444 2551 ad
1465 2487 1741 2575 perimpletionem

330 2592 473 2657 omnium
485 2591 697 2656 clausularum
711 2600 744 2657 et
757 2592 977 2657 conditionum
995 2596 1026 2657 in
1044 2593 1160 2658 eisdem
1174 2594 1437 2680 specificatarum,
1449 2592 1602 2678 quamdiu
1616 2593 1675 2679 ipsi
1688 2615 1743 2657 seu

330 2718 438 2760 eorum
454 2694 581 2782 aliquis,
596 2698 709 2782 suique
724 2697 867 2772 heredes,
882 2720 1070 2760 successores
1086 2704 1120 2760 et
1134 2697 1287 2782 assignati
1304 2695 1428 2760 easdem
1445 2703 1545 2760 terras
1560 2703 1593 2760 et
1616 2695 1694 2760 alias
1710 2696 1742 2760 in

330 2798 425 2864 dictis
459 2801 522 2863 suis
555 2800 793 2865 infeofamentis
823 2808 992 2864 contentas
1023 2800 1207 2865 immediate
1237 2799 1277 2863 de
1306 2799 1395 2864 dicto
1433 2801 1575 2864 Domino
1606 2800 1743 2864 Claudio

331 2903 559 2968 Hammiltoun
595 2910 629 2968 et
665 2905 729 2967 suis
766 2905 917 2992 predictis
954 2912 1109 2990 tanquam
1148 2927 1255 2968 eorum
1295 2903 1489 2968 immediatis
1526 2903 1742 2991 superioribus

330 3007 501 3071 earundem
529 3009 561 3072 in
589 3007 770 3072 feudilirma
796 3016 830 3072 et
857 3008 1035 3073 hereditate
1062 3007 1230 3084 tenebunt,
1257 3031 1316 3094 pro
1342 3031 1448 3071 annua
1474 3007 1634 3072 solutione
1658 3008 1743 3073 dicte

331 3111 511 3176 feudifirme
536 3113 708 3189 firmarum,
731 3111 932 3176 deuoriarum
957 3120 991 3177 et
1014 3113 1216 3176 seruitiorum
1242 3113 1274 3175 in
1298 3135 1405 3175 eorum
1431 3112 1667 3176 infeofamentis
1688 3112 1742 3177 de·

331 3238 426 3303 super
436 3217 589 3280 confectis
601 3217 866 3303 specificatorurn,
880 3241 917 3280 ac
934 3239 992 3303 pro
1007 3216 1252 3304 perimpletione
1264 3216 1457 3302 reliquarum
1471 3216 1692 3282 conditionum
1710 3219 1742 3280 in

330 3319 446 3383 eisdem
463 3327 697 3398 contentarum,
715 3321 896 3384 DANTES
912 3327 945 3384 et
961 3320 1167 3386 concedentes
1183 3319 1357 3408 plenariam
1371 3328 1404 3384 et
1416 3322 1620 3385 sufficientem
1634 3328 1740 3409 potes-

332 3430 433 3487 tatem
449 3431 482 3487 et
497 3423 631 3489 titulum
648 3424 774 3511 prefato
791 3424 932 3487 Domino
944 3423 1080 3489 Claudio
1096 3423 1323 3488 Hammiltoun
1340 3425 1466 3510 suisque
1483 3424 1632 3510 predictis
1648 3448 1741 3510 quas-

331 3550 456 3612 cunque
470 3550 619 3614 personas
640 3529 789 3592 interesse
812 3527 967 3592 babentes
990 3530 1022 3592 in
1046 3529 1094 3592 ius
1117 3527 1250 3592 vocandi
1272 3535 1306 3592 et
1327 3527 1537 3615 prosequendi
1559 3551 1618 3614 pro
1634 3530 1743 3593 reduc·

332 3630 431 3709 tione,
445 3633 686 3708 retractatione,
701 3632 863 3709 recisione,
874 3631 1097 3695 annullatione
1113 3638 1146 3694 et
1162 3630 1398 3717 improbatione
1414 3632 1586 3716 respective
1601 3633 1743 3695 omnium

332 3741 365 3798 et
381 3734 578 3820 singulorum
595 3734 811 3822 predictorum
836 3735 1150 3811 infeosamentorum,
1165 3742 1336 3811 cartarum,
1352 3735 1525 3796 sasinarum
1550 3756 1586 3796 ac
1609 3733 1743 3798 aliarum

332 3835 564 3902 euidentiarum
589 3861 851 3924 quarumcunque
874 3839 1088 3902 confectarum
1105 3861 1158 3901 seu
1176 3838 1321 3901 confecta
1335 3837 1430 3900 fuisse
1445 3835 1583 3922 allegere
1600 3838 1744 3924 poterint

332 3942 519 4028 cuicunque,
538 3941 599 4006 alie
622 3967 754 4030 persone
777 3942 826 4006 rel
850 3943 989 4030 personis
1012 3941 1052 4006 de
1075 3942 1307 4029 prenominatis
1330 3941 1433 4016 terris,
1456 3939 1596 4005 baroniis
1618 3950 1651 4006 et
1673 3941 1744 4006 aliis

332 4047 615 4133 supraspecilicatis
631 4046 679 4111 vel
695 4047 805 4131 aliqua
816 4046 986 4110 earundem
1003 4053 1097 4134 parte
1111 4054 1173 4112 aut
1188 4046 1228 4111 de
1243 4044 1485 4132 quibuscunque
1501 4045 1621 4124 officiis,
1632 4048 1745 4111 annuis

332 4149 510 4214 redditibus
522 4173 576 4213 seu
588 4149 726 4214 deuoriis
738 4173 777 4213 ex
792 4149 922 4226 eisdem,
934 4173 970 4214 ac
986 4173 1045 4237 pro
1057 4150 1261 4238 expiratione
1275 4156 1309 4213 et
1320 4149 1516 4212 extinctione
1528 4149 1743 4237 predictorum

332 4250 632 4316 infeofamentorum
649 4259 683 4316 et
697 4251 932 4316 euidentiarum
950 4251 992 4316 ob
1007 4275 1071 4315 non
1089 4252 1223 4316 seruatis
1235 4250 1473 4314 conditionibus
1489 4252 1522 4315 in
1537 4250 1654 4315 eisdem
1670 4275 1744 4316 con-

333 4356 432 4420 tentis
449 4353 496 4418 vel
512 4377 716 4441 quascunque
731 4355 810 4418 alias
825 4378 933 4418 causas
948 4378 1002 4419 seu
1019 4357 1198 4419 occasiones
1214 4378 1275 4441 que
1296 4353 1336 4418 de
1351 4355 1419 4418 iure
1434 4355 1532 4431 ciuili,
1549 4356 1745 4443 municipali,

333 4457 466 4542 legibus,
484 4460 564 4523 actis
584 4466 643 4523 aut
665 4458 952 4523 constitutionibus
972 4458 1067 4522 huius
1089 4459 1177 4543 regni
1199 4459 1300 4522 nostri
1321 4466 1500 4546 competere
1515 4465 1669 4545 possunt;
1692 4461 1745 4524 Ita

334 4569 372 4626 ut
386 4569 461 4648 post
475 4561 607 4626 eandem
625 4561 891 4640 annullationem,
907 4561 1138 4638 reductionem,
1158 4563 1391 4649 expirationem
1406 4584 1459 4625 seu
1475 4561 1744 4650 improbationem

333 4665 550 4753 predictorum
568 4666 869 4730 inleofamentorum
885 4673 918 4730 et
934 4665 1116 4744 titulorum,
1131 4666 1275 4753 prefatus
1298 4653 1455 4729 Dominus
1473 4665 1626 4731 Claudius
1641 4669 1744 4732 Ham·

335 4769 472 4834 miltoun
502 4772 632 4857 eiusque
657 4770 793 4859 predicti
820 4769 968 4834 omnibus
994 4778 1027 4834 et
1056 4770 1189 4857 singulis
1219 4771 1449 4858 prenominatis
1477 4772 1578 4848 terris,
1605 4771 1745 4837 baroniis

334 4880 368 4938 et
393 4873 464 4938 aliis
490 4897 586 4962 supra
611 4876 770 4961 repetitis,
796 4875 827 4938 in
858 4873 1010 4962 predictis
1040 4875 1275 4939 infeofamentis
1301 4875 1499 4962 specificatis,
1529 4875 1590 4951 uti,
1615 4874 1677 4939 frui
1707 4899 1745 4941 ac

332 4976 506 5066 gaudeant,
535 4978 718 5075 possideant
747 4986 781 5044 et
810 4979 1045 5075 imperpetuum
1075 4979 1215 5068 gaudere
1246 4987 1282 5045 et
1311 4978 1471 5076 possidere
1500 4981 1666 5071 poterint3
1697 4981 1745 5053 Et
