4438 5976
665 840 722 909 OF
751 843 848 908 THE
879 840 1041 909 BURGH
1073 840 1129 907 OF
1160 842 1363 909 PAISLEY.
1660 844 1723 908 113

315 1029 414 1104 tione,
425 1026 655 1115 impedimento
664 1037 722 1094 aut
737 1029 902 1094 obstaculo
917 1029 1068 1116 aliquali:
1092 1029 1269 1094 Reddendo
1285 1029 1358 1094 inde
1372 1030 1551 1106 annuatim,
1564 1028 1643 1093 dicti
1653 1027 1735 1094 bal-'

314 1130 380 1209 livi,
392 1131 576 1220 consiliarij,
587 1134 810 1211 thesaurarius,
820 1141 853 1198 et
862 1135 1074 1198 communitas
1085 1133 1164 1197 dicti
1176 1133 1269 1219 burgi
1281 1133 1320 1198 de
1333 1133 1460 1197 Pasleto
1470 1155 1643 1218 eorumque
1652 1155 1723 1196 suc-

314 1259 458 1315 cessores,
482 1235 574 1300 nobis
600 1243 634 1300 et
659 1237 887 1302 successoribus
910 1239 1038 1315 nustria,
1065 1246 1218 1324 tanquam
1251 1237 1451 1324 Principibus
1478 1245 1512 1301 et
1538 1236 1723 1301 Senescallis

314 1339 431 1415 Scotie,
442 1362 596 1403 summam
612 1348 732 1428 septem
749 1340 903 1405 librarum
927 1349 1054 1405 monete
1076 1341 1172 1427 hujus
1196 1342 1283 1426 regni
1300 1342 1400 1406 nostri
1424 1342 1531 1405 Scotie
1553 1339 1720 1404 annuatim

312 1442 354 1507 ad
377 1444 506 1508 Festum
530 1445 732 1509 Pentecostes
754 1451 909 1530 tanquam
932 1444 1206 1532 proportionalem
1228 1451 1354 1530 partem
1376 1444 1448 1509 albe
1471 1445 1560 1508 lirme
1583 1443 1722 1508 divoria-

314 1568 382 1608 rum
406 1545 539 1632 dominij
558 1546 597 1612 de
620 1547 761 1635 Paisley:
787 1550 849 1611 Pro
870 1549 957 1611 omni
981 1548 1045 1611 alio
1061 1571 1165 1626 unere,
1180 1548 1356 1626 exactione,
1372 1549 1549 1632 questione,
1563 1545 1723 1611 demanda

313 1672 367 1713 seu
389 1650 519 1713 servitio
541 1651 684 1727 seculari,
709 1674 772 1737 que
798 1651 838 1717 de
864 1651 1008 1738 predicto
1038 1651 1140 1737 burgo
1164 1651 1341 1715 feudifirme
1370 1651 1513 1736 divorijs‚
1544 1648 1721 1737 privilegijs

312 1752 448 1839 alijsque
463 1754 701 1840 particulariter
714 1756 976 1842 supraexpressis‚
992 1777 1049 1841 per
1063 1777 1269 1841 quoscunque
1287 1755 1375 1842 juste
1397 1755 1483 1841 exigi
1506 1754 1628 1841 poterit
1643 1776 1722 1839 quo-

312 1855 491 1920 modolibet
506 1856 555 1920 vel
570 1857 697 1943 requiri.
737 1859 886 1921 Preterea
901 1857 1046 1921 volumus
1061 1864 1094 1921 et
1109 1855 1309 1921 concedimus
1324 1880 1361 1920 ac
1376 1880 1436 1944 pro
1451 1855 1543 1920 nobis
1558 1863 1592 1920 et
1604 1878 1722 1919 succes-

313 1957 435 2022 soribus
454 1959 571 2022 nostris
585 1958 782 2023 decernimus
804 1967 838 2026 et
860 1959 1043 2024 ordinamus
1066 1958 1152 2044 quod
1177 1961 1268 2023 vnica
1289 1960 1393 2023 sasina
1414 1957 1613 2045 suscipienda
1635 1956 1723 2044 apud

312 2083 434 2124 crucem
450 2060 581 2125 foralem
597 2061 676 2127 dicti
692 2061 785 2148 burgi
802 2061 842 2126 de
857 2061 984 2126 Pasleto
1000 2062 1048 2125 vel
1064 2064 1151 2126 intra
1165 2061 1306 2147 aliquam
1324 2069 1447 2148 partem
1464 2060 1543 2126 dicti
1560 2060 1654 2146 burgi
1667 2083 1723 2146 per

312 2162 457 2240 ballivos,
471 2164 677 2242 consiliarios,
689 2165 920 2230 thesaurarium
933 2172 967 2229 et
978 2166 1242 2230 communitatem
1259 2164 1400 2252 ejusdcm
1413 2164 1515 2228 stabit
1523 2171 1557 2228 et
1568 2163 1723 2227 sufficiens

311 2268 373 2332 erit
388 2269 491 2331 sasina
506 2291 565 2354 pro
580 2275 653 2332 toto
668 2276 701 2333 et
717 2269 843 2354 integro
858 2268 947 2332 dicto
962 2269 1066 2354 burgo
1080 2276 1115 2332 ct
1130 2268 1207 2331 villa
1221 2267 1261 2332 de
1277 2267 1415 2344 Pasleto,
1432 2268 1513 2332 acris
1524 2265 1722 2352 burgalibus,

311 2372 433 2450 croftis,
456 2372 656 2449 tenementis,
679 2374 718 2437 lie
740 2374 863 2437 tarraza
888 2374 1002 2436 maillir
1025 2380 1059 2436 et
1081 2373 1174 2436 terris
1196 2372 1236 2436 de
1258 2370 1393 2436 Seidhill
1416 2370 1518 2435 eidem
1542 2371 1723 2447 annexatis,

312 2472 489 2538 leudilirme
498 2475 596 2538 firmis
607 2482 641 2538 et
651 2473 800 2560 glebaris,
812 2477 852 2539 lie
862 2474 1132 2560 vwsajacentibus
1142 2473 1293 2538 bondatis
1304 2481 1339 2537 et
1349 2473 1490 2560 exceptis
1501 2480 1536 2538 vt
1546 2472 1723 2559 predicitur

312 2585 345 2642 et
357 2584 518 2665 potestate
533 2586 566 2642 et
579 2578 754 2665 privilegijs
769 2578 908 2664 ejusdem
922 2577 1160 2666 particulariter
1168 2577 1472 2664 supramentionatis
1487 2577 1521 2640 in
1537 2577 1624 2640 omni
1642 2583 1722 2642 tem-

313 2705 389 2768 pore
401 2681 523 2758 futuro‚
535 2682 751 2746 nonobstante
766 2681 854 2768 quod
869 2682 979 2746 eadem
998 2682 1104 2760 iacent
1115 2681 1315 2766 discontigue
1330 2688 1363 2744 et
1379 2681 1411 2744 in
1427 2679 1558 2744 diversis
1575 2679 1722 2767 partibus

313 2807 407 2872 penes
432 2808 495 2872 que
517 2809 574 2849 nos
599 2808 657 2873 pro
680 2785 771 2850 nobis
793 2793 828 2850 et
853 2785 1081 2850 successoribus
1111 2786 1227 2849 nostris
1257 2784 1518 2871 dispensavimus,
1547 2790 1722 2869 tenoreque

313 2889 466 2974 presentis
495 2896 582 2952 carte
612 2896 719 2953 nostre
748 2888 966 2975 dispensamus
996 2889 1241 2975 imperpetuum,
1283 2886 1489 2951 Declarantes
1509 2894 1616 2950 autem
1640 2886 1722 2950 hanc

312 2999 452 3056 nostram
469 2999 588 3055 cartam
605 3015 781 3056 concessam
798 3016 863 3058 esse
879 2994 945 3056 sine
965 2991 1143 3078 prejudicio
1163 2991 1244 3078 juris
1267 2991 1502 3076 superioritatis
1523 2990 1723 3076 aliorumque

311 3094 353 3159 ed
367 3118 425 3158 nos
440 3095 630 3181 pertinentis
653 3119 710 3182 per
731 3103 839 3159 actum
864 3095 1086 3158 annexationis
1109 3095 1230 3157 factum
1254 3094 1287 3157 in
1309 3116 1395 3157 anno
1414 3092 1582 3157 millesimo
1597 3115 1722 3157 sexcen-

312 3199 426 3262 tesimo
437 3199 601 3284 trigesimo
614 3200 724 3276 tertio,
735 3200 774 3262 In
787 3199 877 3284 cujus
891 3199 935 3262 rei
949 3198 1166 3263 testimonium
1180 3197 1254 3261 huic
1266 3197 1405 3284 presenti
1417 3205 1504 3261 carte
1515 3204 1622 3260 nostre
1634 3219 1721 3281 mag-

312 3323 387 3364 num
403 3300 543 3386 sigillum
560 3308 703 3366 nostrum
713 3300 853 3388 appendi
868 3302 1082 3389 precepimus:
1104 3299 1256 3364 Testibus
1268 3299 1450 3387 predilectis
1462 3300 1578 3364 nostris
1590 3322 1721 3363 consan-

311 3403 435 3487 guineis
444 3409 478 3466 et
486 3402 676 3489 consiliarijs
687 3402 864 3466 Willielmo
875 3401 1048 3466 Mariscalli
1062 3403 1188 3465 Cornite
1202 3404 1342 3465 Domino
1355 3402 1456 3465 Keith
1467 3409 1501 3465 et
1512 3400 1619 3465 Altrie
1631 3402 1720 3486 regni

312 3506 412 3570 nostri
430 3505 612 3569 marescallo
627 3514 661 3568 ct
677 3507 776 3569 nostri
800 3507 919 3570 Secreti
942 3504 1038 3590 sigilli
1061 3503 1204 3581 custode,
1221 3506 1349 3568 Joanno
1368 3504 1495 3568 Comite
1517 3503 1557 3568 de
1579 3503 1720 3568 lauder·

312 3606 399 3686 duit,
416 3609 600 3672 vicecomite
623 3607 799 3683 lllaitland‚
814 3609 956 3672 Domino
978 3606 1181 3671 'l‘hirlestane
1199 3615 1233 3671 et
1255 3606 1393 3670 Deltoun
1409 3613 1520 3671 nostro
1536 3607 1722 3684 Secretario,

312 3710 436 3776 dilectis
451 3712 568 3775 nostris
584 3711 793 3776 familiaribus
813 3711 1001 3797 consiliarijs
1019 3711 1168 3775 Dominis
1191 3709 1370 3775 Archibald
1392 3710 1544 3774 Primrois
1564 3709 1604 3774 de
1619 3712 1721 3773 Dum-

314 3837 407 3902 many
423 3822 605 3878 nostrorum
621 3815 836 3880 rotolatorum
852 3815 978 3900 registri
994 3813 1116 3901 consilij
1135 3815 1287 3878 Sessionis
1302 3814 1454 3900 Scaccarij
1467 3820 1501 3879 et
1515 3813 1721 3901 parliamenti

312 3916 436 3996 cleric0,
450 3920 576 3982 Joanne
592 3920 699 3982 Home
714 3917 753 3982 de
768 3920 921 3983 Rentoun
937 3925 1044 3982 nostre
1059 3919 1082 3980 J
1084 3918 1230 3982 usticiare
1246 3917 1370 3993 clerico,
1386 3916 1554 3992 militibus,
1569 3924 1603 3980 et
1620 3919 1720 3981 Dom-

314 4020 374 4083 inis
401 4019 577 4084 Willielmo
600 4022 682 4085 Kerr
701 4019 741 4084 de
763 4019 910 4098 Hoddin,
929 4020 1043 4097 milite,
1066 4028 1174 4085 nostre
1197 4019 1391 4085 Cancellarie
1406 4018 1571 4084 directore.
1618 4018 1720 4106 Apud

314 4122 538 4209 Edinburgum
554 4130 670 4187 octauo
684 4122 736 4187 die
753 4124 866 4188 mensis
878 4122 1062 4187 Decembris
1073 4146 1158 4187 anno
1170 4124 1302 4187 Domini
1316 4121 1483 4186 millesimo
1492 4123 1720 4186 sexcentesimo

313 4227 507 4312 sexagesimo
522 4227 638 4313 quinto
653 4234 687 4291 et
701 4249 787 4291 anno
801 4228 891 4312 regni
907 4227 1007 4290 nostri
1025 4227 1158 4290 Decimo
1173 4228 1327 4312 Septimo.

398 4430 539 4509 Charles,
553 4431 597 4517 by
613 4432 669 4495 the
682 4431 785 4496 Grace
800 4433 837 4495 of
849 4430 936 4510 God,
951 4432 1040 4518 King
1055 4431 1093 4495 of
1101 4433 1204 4496 Great
1215 4433 1353 4510 Britain,
1364 4435 1495 4512 France,
1505 4432 1570 4497 and
1581 4432 1720 4511 Ireland,

313 4517 474 4582 Defendar
496 4518 533 4582 of
551 4518 608 4583 the
631 4518 738 4596 Faith,
760 4519 811 4582 To
834 4518 878 4582 all
901 4517 1016 4582 honest
1036 4542 1107 4582 men
1124 4519 1161 4582 of
1172 4519 1222 4582 his
1239 4519 1338 4583 whole
1353 4527 1500 4606 country,
1517 4520 1632 4606 Clergy
1655 4519 1720 4583 and

313 4605 420 4690 Iaity,
443 4605 610 4690 greeting:
644 4606 745 4668 Know
768 4627 818 4690 ye,
845 4605 921 4669 that
947 4629 1001 4682 ve,
1026 4603 1102 4669 with
1127 4606 1184 4669 the
1208 4629 1246 4669 ex
1271 4629 1334 4669 ress
1358 4605 1479 4684 advice,
1501 4614 1633 4670 consent
1655 4607 1718 4671 and

312 4698 418 4754 assent
432 4693 470 4755 of
481 4714 540 4754 our
554 4693 580 4754 ri
594 4690 644 4754 rht
659 4698 766 4777 trusty
782 4693 901 4754 Cousin
917 4689 980 4754 and
997 4691 1195 4768 Counsellor,
1211 4629 1309 4768 dolm,
1326 4693 1403 4756 llari
1427 4693 1464 4756 of
1482 4693 1617 4771 Rothes,
1634 4693 1720 4757 Lonl

313 4776 414 4841 Leslie
443 4775 508 4840 and
538 4715 753 4854 Balinbreich‚
784 4801 843 4841 our
873 4778 967 4863 High
998 4779 1255 4855 Commissioner,
1285 4778 1510 4866 Comptroller‚
1542 4778 1717 4845 Collector-

313 4863 449 4927 General
474 4862 538 4927 and
562 4865 735 4928 Treasurer
758 4863 795 4928 of
815 4887 874 4928 our
898 4887 965 4928 new
989 4865 1251 4950 augmentations
1278 4864 1389 4929 within
1415 4888 1474 4929 our
1500 4865 1663 4951 Kingdom
1686 4866 1724 4928 of

313 4948 483 5022 Scotland;
506 4948 570 5013 and
592 4950 659 5014 also
683 4950 760 5015 with
781 4957 914 5014 consent
936 4951 973 5013 of
992 4973 1052 5014 our
1075 4949 1293 5015 well-beloved
1308 4952 1427 5015 Cousin
1443 4951 1507 5016 and
1523 4951 1719 5030 Counsellor,

1007 5075 1029 5116 n
