4412 5948
671 830 729 897 OF
757 830 854 896 THE
884 831 1048 898 BURGH
1079 830 1136 896 OF
1165 829 1369 898 PAISLEY.
1686 827 1729 900 67

320 1016 417 1081 locati
433 1016 519 1082 sint:
542 1017 665 1082 Idcirco
680 1017 816 1083 dilectus
830 1042 868 1083 ac
888 1018 990 1083 fidelis
1005 1027 1114 1084 noster
1135 1019 1387 1105 consanguineus
1403 1019 1561 1082 Dominus
1577 1017 1728 1083 Claudius

323 1120 559 1198 Hammiltoun,
575 1122 827 1186 usufructuarius
849 1123 1033 1187 monasterii
1060 1121 1101 1186 de
1125 1121 1250 1209 Paslay,
1265 1130 1299 1187 et
1321 1122 1474 1186 Claudius
1503 1121 1727 1185 Hammiltoun

320 1225 388 1310 ejus
418 1224 511 1303 lilius,
533 1249 618 1289 nunc
642 1225 930 1290 commendatarius
957 1225 1108 1305 eiusdem,
1124 1228 1244 1291 virtute
1271 1227 1429 1313 legittime
1457 1227 1643 1313 provisionis
1667 1225 1728 1288 sibi

320 1327 455 1415 desuper
469 1329 623 1406 confecto,
637 1353 816 1417 expressam
839 1331 1084 1395 reservationem
1106 1331 1267 1395 contentis
1290 1330 1432 1394 omnium
1457 1337 1624 1406 terrarum,
1646 1329 1729 1398 fruc-

320 1437 411 1495 tuum
428 1430 624 1510 reddituum,
639 1433 812 1511 firmarum,
824 1433 1039 1510 deuoriarum,
1051 1433 1319 1509 iurisdictionum,
1330 1434 1527 1520 dignitatum
1544 1439 1578 1496 et
1592 1432 1727 1495 aliorum

319 1558 581 1623 quorumcunque
614 1536 655 1601 ad
693 1538 872 1625 predictum
904 1539 1131 1602 monasterium
1163 1539 1392 1624 pertinentium
1428 1537 1553 1624 prefato
1586 1536 1729 1600 Domino

320 1639 456 1704 Claudio
493 1663 551 1727 pro
595 1640 743 1705 omnibus
780 1665 834 1705 sne
873 1643 937 1705 rite
973 1640 1096 1719 diebus,
1126 1664 1198 1706 cum
1235 1665 1387 1705 consensu
1426 1642 1560 1704 Iconimi
1600 1648 1633 1704 ct
1672 1637 1727 1704 ad·

319 1743 545 1808 ministratoris
567 1743 646 1808 dicti
669 1745 932 1810 commendatarii
955 1769 991 1809 ac
1014 1743 1152 1809 eiusdem
1178 1746 1359 1810 monasterii
1385 1752 1559 1809 conventus
1587 1744 1728 1808 unanimi

319 1869 470 1912 consensu
485 1855 520 1913 et
533 1871 671 1925 assensu,
687 1850 804 1913 Omnes
820 1857 854 1913 et
868 1849 1009 1935 singulas
1024 1849 1219 1936 subscriptas
1234 1856 1345 1928 terras,
1362 1849 1519 1925 baronias,
1536 1847 1729 1923 molendina,

319 1951 486 2031 multuras,
509 1952 615 2031 siluas,
636 1954 797 2039 piscarias,
819 1953 982 2029 carbones,
1003 1953 1202 2030 carbonaria,
1226 1954 1414 2028 mansiones,
1439 1953 1602 2028 maneries,
1626 1959 1729 2015 turres

318 2053 487 2133 fortalicia,
510 2079 633 2120 annuos
656 2055 811 2134 redditus,
834 2055 969 2142 burgum
994 2055 1136 2134 baronie,
1158 2062 1353 2135 tenemento,
1372 2055 1580 2141 gleba1·ia,lie
1603 2077 1729 2132 moeses,

318 2159 513 2246 regalitates,
528 2160 630 2224 officia
652 2167 686 2224 et
701 2159 871 2248 priuilegia
884 2160 1068 2238 earundem,
1079 2183 1116 2223 ac
1131 2159 1194 2223 alia
1206 2160 1443 2246 particulariter
1455 2159 1645 2245 subscripta,
1656 2181 1726 2221 cum

319 2263 514 2340 tenentibus,
529 2264 717 2340 tenandriis,
731 2265 841 2341 firmia,
857 2265 954 2342 canis,
966 2265 1130 2340 custumis,
1146 2263 1284 2328 deuoriis
1300 2271 1333 2328 et
1348 2263 1495 2327 omnibus
1511 2262 1581 2326 aliis
1598 2263 1729 2325 inferius

318 2367 518 2452 specificatis,
533 2391 595 2452 que
610 2368 652 2431 ad
676 2367 853 2454 predictum
872 2368 1098 2432 monasterium
1115 2367 1156 2431 de
1175 2367 1300 2454 Paislay
1315 2389 1470 2452 suumque
1486 2366 1729 2454 patrimonium,

318 2478 352 2534 et
377 2471 420 2535 ad
443 2471 576 2535 abbates
598 2471 885 2536 commendatarios
908 2478 943 2536 et
966 2479 1140 2536 conventus
1163 2471 1301 2535 eiusdem
1325 2494 1409 2535 nunc
1429 2479 1463 2534 et
1481 2477 1576 2533 antea
1598 2470 1637 2534 de
1662 2470 1728 2532 iure

320 2576 556 2662 pertinuerunt,
568 2600 604 2639 ac
620 2577 650 2640 in
668 2599 804 2662 quornm
820 2577 1014 2663 possessione
1028 2576 1190 2662 aliquibus
1203 2574 1401 2662 temporibus
1413 2576 1574 2662 preteritis
1586 2575 1729 2648 fuerunt,

320 2701 378 2764 pro
404 2678 463 2742 hac
494 2687 604 2743 nostra
629 2703 715 2743 noua
741 2678 959 2743 infeudatione
989 2678 1182 2743 hereditaria
1212 2677 1381 2742 earundem
1415 2702 1471 2765 per
1500 2701 1556 2742 nos
1583 2677 1728 2765 predicto

319 2783 461 2846 Domino
477 2782 614 2848 Claudio
631 2783 869 2860 Hammiltoun,
882 2782 1050 2847 heredibus
1065 2784 1129 2846 suis
1152 2782 1297 2846 masculis
1312 2781 1554 2869 quibuscunque
1569 2789 1602 2846 ct
1618 2804 1725 2844 eorum

318 2887 487 2972 assignatis
524 2887 660 2974 desuper
698 2886 793 2951 modo
831 2886 1011 2974 subscripto
1048 2885 1252 2964 conficienda,
1278 2887 1407 2950 Necnon
1446 2909 1505 2973 pro
1542 2884 1657 2949 eisdem
1694 2885 1727 2947 in

318 2990 495 3077 temporale
521 2993 574 3072 (ut
599 2991 758 3077 sequitur)
780 2990 957 3055 dominium
979 2989 1144 3076 erigendas
1171 2989 1372 3054 solummodo
1396 2997 1429 3054 et
1449 3013 1513 3053 non
1536 2989 1614 3053 alias
1632 2989 1729 3074 resig-

318 3101 438 3157 narunt
459 3101 494 3158 et
514 3093 726 3158 dimiserunt:
771 3097 876 3173 Quam
892 3095 988 3158 etiam
1012 3094 1258 3180 resignationem
1276 3099 1308 3156 et
1327 3092 1540 3157 dimissionem
1557 3091 1727 3156 earundem

317 3195 358 3260 ad
375 3196 521 3260 effectum
537 3197 730 3283 predictum,
744 3197 930 3262 admisimus
945 3204 978 3261 et
993 3198 1239 3284 acceptauimus‚
1255 3196 1443 3282 easdemque
1460 3204 1570 3272 terras,
1582 3195 1729 3260 baronias

317 3306 353 3362 et
366 3297 431 3362 alia
445 3298 558 3363 subtus
573 3301 765 3386 specilicata,
777 3300 905 3386 prefato
922 3300 1064 3363 Domino
1079 3298 1216 3363 Claudio
1230 3299 1467 3377 Hammiltoun,
1481 3298 1650 3362 heredibus
1665 3299 1729 3361 suis

319 3402 463 3467 masculis
490 3410 524 3467 et
549 3405 718 3489 assignatis
744 3403 916 3468 antedictis
940 3403 1142 3481 hereditarie,
1158 3403 1330 3468 secundnm
1357 3404 1491 3467 formam
1523 3410 1556 3466 et
1585 3410 1726 3467 tenorem

319 3507 461 3594 predicte
487 3509 711 3594 resignationis
736 3515 770 3572 et
794 3508 986 3573 dimissionis
1013 3532 1050 3573 ac
1076 3507 1170 3572 huius
1197 3517 1304 3574 nostre
1331 3516 1417 3572 carte
1443 3516 1477 3572 et
1503 3507 1729 3572 infeudationis

317 3607 453 3697 desuper
474 3618 663 3696 sequnntur,
685 3633 791 3674 rursus
813 3610 969 3687 dedimus,
985 3611 1193 3675 concessimus
1215 3618 1248 3675 et
1271 3610 1527 3683 deliberauimns,
1550 3611 1646 3696 idque
1669 3609 1730 3674 hoc

318 3715 456 3800 presenti
471 3712 535 3792 die,
551 3714 636 3778 inter
650 3715 763 3778 horam
778 3715 947 3801 septimam
963 3721 997 3778 et
1012 3720 1161 3778 octauam
1184 3714 1389 3792 matutinam,
1405 3722 1480 3777 ante
1496 3713 1726 3778 conclusionem

317 3823 351 3880 et
373 3815 625 3904 publicationem
649 3819 713 3883 acti
738 3825 771 3881 et
794 3818 1034 3882 constitutionis
1057 3819 1211 3904 presentis
1230 3819 1330 3883 nostri
1355 3817 1569 3904 parliamenti,
1584 3840 1646 3902 que
1669 3841 1728 3904 pro

317 3920 531 3985 annexatione
562 3922 704 3985 omnium
735 3928 891 3984 terrarum
921 3921 1201 3985 ecclesiasticarum
1232 3922 1316 3985 infra
1349 3945 1480 4007 regnum
1511 3929 1655 3986 nostrum
1685 3920 1727 3985 ad

317 4046 466 4088 coronam
494 4032 635 4089 nostram
668 4025 734 4088 fieri
766 4032 800 4088 et
831 4023 1028 4109 promulgari
1060 4023 1209 4088 ordinata
1240 4031 1309 4088 est:
1340 4023 1395 4088 Ad
1426 4024 1482 4088 hec
1512 4024 1727 4109 intelligentes

318 4126 440 4191 dictum
468 4129 643 4191 Dominum
667 4126 838 4192 Claudium
863 4127 1089 4192 Hammiltoun
1116 4128 1310 4213 esanguine
1332 4135 1442 4192 nostro
1457 4127 1555 4213 regali
1572 4129 1725 4212 originem

318 4229 454 4306 duxisse,
469 4253 506 4294 ac
521 4231 620 4294 etiam
641 4229 684 4294 ad
706 4230 889 4294 memoriam
907 4237 1089 4294 revocantes
1111 4253 1196 4294 nunc
1218 4253 1313 4317 quam
1338 4230 1417 4294 bene
1438 4231 1584 4316 gratuito
1599 4231 1724 4294 honori·

318 4333 375 4398 lice
405 4341 439 4398 et
468 4334 690 4398 officiosissime
721 4332 803 4397 idem
839 4335 997 4397 Dominus
1027 4333 1180 4398 Claudius
1206 4341 1273 4398 tem
1302 4336 1397 4399 matri
1427 4334 1588 4420 quondam
1619 4343 1727 4401 nostre

317 4437 499 4501 charissime
524 4460 620 4524 quam
648 4437 808 4501 nobismet
833 4438 1012 4514 inseruiuit,
1037 4461 1101 4501 non
1126 4437 1228 4502 solum
1256 4439 1340 4503 infra
1361 4439 1451 4524 regni
1474 4439 1575 4502 nostri
1598 4438 1728 4515 limites,

318 4539 373 4604 sed
406 4541 439 4603 iu
476 4542 593 4606 exteris
630 4541 726 4605 ctiam
765 4540 962 4617 nationibus,
987 4563 1053 4628 qno
1089 4542 1206 4606 nostris
1241 4565 1310 4620 usu,
1340 4542 1508 4606 voluntate
1539 4549 1573 4606 et
1610 4551 1727 4628 rogatu

318 4642 490 4732 profectus,
502 4642 620 4707 ibidem
636 4644 688 4707 die
704 4642 876 4731 multisque
891 4645 982 4708 annis
999 4645 1184 4731 permansit,
1200 4644 1284 4710 unde
1298 4647 1443 4730 ingentes
1458 4652 1604 4732 sumptus
1619 4652 1653 4709 et
1668 4647 1726 4710 im·

231 4826 236 4838 .
318 4769 430 4834 pensas
452 4769 517 4810 non
533 4747 600 4810 sinc
615 4748 680 4810 vite
696 4769 750 4811 sue
765 4748 863 4811 etiam
879 4770 996 4834 magno
1010 4747 1202 4822 discrimine,
1218 4747 1322 4811 dictus
1344 4748 1502 4812 Dominus
1517 4747 1670 4812 Claudius
1692 4749 1724 4814 iu

318 4849 471 4916 honorem
486 4857 591 4914 status
606 4852 706 4914 nostri
723 4851 837 4936 regalis
850 4873 888 4915 ac
903 4852 948 4914 rei
964 4850 1090 4939 publice
1112 4852 1214 4915 nostri
1229 4853 1319 4937 regni
1334 4851 1536 4916 commodum
1552 4852 1724 4918 sustinuit:

318 4952 441 5033 Quibus
463 4952 641 5018 rationibus
657 4954 737 5020 moti
759 4961 794 5018 et
815 4976 899 5018 nuuc
922 4955 991 5042 ipsa
1005 4955 1203 5042 experientia
1224 4956 1387 5041 cognitam
1410 4954 1565 5020 habentes
1582 4954 1723 5022 eiusdem
