4412 5948
458 833 501 900 74
820 835 1066 900 CHARTERS
1097 834 1194 896 ΑΝΙ)
1225 834 1504 898 DOCUMEN'I'S

458 1030 493 1088 et
521 1022 591 1086 aliis
621 1021 863 1108 quibuscunque
892 1022 1176 1108 supraspecificatis
1202 1021 1357 1109 (exceptis
1387 1029 1426 1086 ut
1455 1023 1598 1109 superius
1627 1023 1867 1110 excipiuntur);

460 1127 657 1192 UNACUM
681 1125 828 1190 omnibus
851 1126 929 1202 iure,
945 1124 1054 1203 titulo,
1070 1125 1207 1202 actione,
1223 1127 1383 1204 interesse,
1398 1133 1432 1190 et
1454 1126 1531 1190 iuris
1553 1127 1685 1206 clamen,
1701 1135 1768 1192 tam
1784 1128 1867 1214 peti-

459 1231 550 1296 toriis
565 1253 662 1316 quam
678 1229 884 1316 possessoriis,
900 1251 963 1314 que
977 1251 1031 1294 scu
1054 1251 1133 1315 quas
1155 1253 1213 1294 uos
1228 1230 1329 1293 nostri
1346 1229 1577 1316 predecessores
1598 1238 1658 1294 aut
1679 1254 1868 1296 successores

458 1333 639 1410 habuimus,
655 1332 807 1397 habemus
822 1355 876 1396 seu
892 1332 1104 1419 quouismodo
1126 1332 1168 1397 ad
1190 1332 1299 1397 eadem
1323 1357 1378 1397 seu
1397 1332 1539 1420 aliquam
1555 1334 1726 1399 earundem
1742 1341 1867 1422 partem

458 1438 642 1514 acclamare,
658 1437 858 1512 habe1e‚aut
881 1437 1070 1523 pretendere
1094 1439 1279 1524 poterimus,
1295 1438 1416 1503 virtute
1435 1459 1699 1525 quorumcunque
1713 1446 1870 1516 actorum,

459 1549 667 1618 statutorum,
684 1540 789 1626 legum
813 1547 847 1603 et
868 1541 1138 1605 constitutionum
1159 1542 1376 1606 confectorum
1400 1549 1434 1606 et
1456 1542 1722 1606 conficiendorum
1740 1543 1869 1619 iuriam,

460 1645 641 1724 titulorum,
663 1667 827 1708 causarum
852 1668 905 1709 seu
929 1645 1127 1708 occasionum
1153 1645 1378 1732 preteritarum
1401 1653 1468 1710 tam
1493 1669 1556 1710 non
1579 1647 1753 1712 nominatis
1771 1669 1868 1733 quam

460 1751 644 1826 nominatis,
661 1753 710 1812 Ac
726 1749 891 1836 presertim
908 1772 975 1825 nos,
992 1772 1061 1812 eum
1079 1750 1278 1812 auisamento
1296 1758 1329 1814 et
1345 1773 1496 1814 consensu
1513 1751 1615 1814 nostri
1631 1751 1820 1814 thesaurarii
1836 1756 1871 1814 et

460 1853 638 1917 collectoris
666 1851 833 1938 generalis,
860 1874 918 1937 pro
945 1851 1036 1916 nobis
1062 1859 1096 1916 et
1122 1852 1349 1916 successoribus
1376 1853 1503 1930 nostris,
1529 1852 1811 1918 extradonauimus
1837 1859 1871 1916 et

461 1956 716 2020 renunciauimus
732 1955 857 2041 prefato
873 1956 1014 2018 Domino
1030 1955 1165 2020 Claudio
1181 1963 1214 2020 et
1237 1956 1300 2018 suis
1316 1955 1486 2020 antedictis
1502 1956 1650 2021 omnibus
1666 1957 1744 2034 iure,
1759 1955 1870 2033 titulo,

461 2061 587 2124 actione
602 2067 634 2123 et
651 2060 811 2135 interesse,
826 2082 889 2144 que
904 2081 956 2122 seu
973 2081 1053 2145 quas
1068 2082 1125 2122 nos
1141 2067 1199 2123 aut
1214 2059 1445 2146 predecessores
1460 2061 1561 2124 nostri
1577 2059 1758 2137 habuimus,
1773 2059 1869 2124 habe-

462 2186 531 2228 mus
546 2186 598 2227 seu
615 2161 826 2249 quouismodo
842 2162 958 2226 habere
973 2163 1149 2249 poterimus
1163 2162 1204 2226 ad
1220 2186 1425 2249 quascunque
1440 2164 1553 2228 tercias
1568 2171 1675 2251 partes
1697 2171 1731 2228 et
1753 2165 1869 2227 Mona-

461 2269 591 2333 ehorum
606 2269 769 2356 portiones
784 2267 863 2332 dicti
877 2268 1071 2344 monasterii,
1082 2291 1144 2354 que
1155 2267 1366 2354 quouismodo
1382 2292 1439 2355 per
1450 2291 1506 2331 nos
1519 2277 1629 2333 nostro
1641 2267 1871 2356 predecessores

461 2381 520 2439 aut
531 2395 720 2437 successores
731 2371 771 2436 de
783 2372 1013 2459 prenominatis
1030 2373 1122 2436 terris
1133 2371 1273 2436 baroniis
1285 2379 1318 2435 et
1329 2372 1400 2436 aliis
1415 2373 1700 2459 supraspecilieatis
1714 2373 1870 2460 (exeeptis

463 2486 500 2543 ut
515 2501 611 2564 supra
626 2478 805 2564 excrepitur)
815 2477 956 2539 omnium
969 2499 1124 2539 annorum
1136 2483 1168 2541 et
1182 2477 1389 2540 terminorum
1403 2478 1628 2564 preteritorum
1639 2484 1673 2541 et
1688 2478 1869 2542 futurorum

462 2580 1657 2668 virtutequarunrcunqueassignationum,assumptionum‚legum‚actorum
1668 2578 1870 2667 parliamenti

461 2694 496 2752 et
518 2687 628 2750 secreti
651 2685 774 2749 consilii
790 2692 849 2748 aut
864 2684 1102 2748 consuetudinis
1117 2684 1284 2748 obseruate
1299 2685 1464 2748 acclamari
1489 2685 1537 2748 rel
1560 2685 1677 2771 requiri
1694 2691 1871 2771 potuerunt

462 2813 515 2855 seu
531 2791 686 2878 poterint,
698 2788 752 2852 sed
768 2811 837 2851 eum
851 2789 1050 2851 auisamento
1063 2795 1095 2851 et
1107 2811 1257 2852 consensu
1271 2787 1443 2852 antedictis
1456 2786 1607 2851 Volumus
1619 2796 1653 2852 et
1663 2787 1875 2864 concedimus,

462 2902 496 2959 et
511 2917 570 2980 pro
583 2892 675 2956 nobis
686 2899 720 2956 et
732 2892 959 2956 successoribus
971 2893 1087 2955 nostris
1099 2915 1158 2979 pro
1169 2899 1327 2977 perpetuo
1338 2890 1534 2955 decernimus
1547 2899 1581 2955 et
1592 2891 1775 2955 ordinamus
1786 2890 1874 2977 quod

463 3021 571 3062 omnes
601 3004 635 3060 et
665 2996 788 3080 singule
816 2997 1036 3083 prenominata
1061 3003 1155 3071 terre,
1179 2995 1321 3073 baronie,
1343 2995 1464 3059 decime
1489 2996 1635 3081 garbalcs
1661 2997 1875 3083 suprascripte

464 3101 593 3176 incluse,
609 3098 802 3175 molendina,
819 3099 968 3174 multura,
985 3100 1127 3185 piscarie,
1144 3101 1232 3162 lirme
1247 3099 1483 3175 feudilirmarie,
1499 3099 1625 3185 alieque
1641 3102 1740 3178 firme,
1755 3123 1875 3176 census,

463 3212 618 3281 custume,
642 3203 783 3278 deuoria,
806 3203 902 3264 annui
928 3201 1082 3280 redditus,
1105 3211 1139 3266 et
1161 3202 1224 3266 alia
1240 3205 1515 3290 supraspeeiticata
1530 3205 1685 3290 (exceptis
1704 3203 1875 3268 antedictis

463 3308 599 3372 ecclesiis
622 3305 869 3393 parochialibus,
892 3307 1046 3384 rectoriis,
1069 3307 1192 3370 vicariis
1219 3314 1252 3371 et
1278 3307 1348 3370 aliis
1372 3309 1515 3393 superius
1539 3309 1694 3395 exceptis)
1717 3307 1815 3372 libere
1842 3316 1876 3372 et

465 3413 621 3476 immunes
633 3416 729 3473 erunt
740 3409 976 3494 imperpetuum
989 3409 1031 3472 ab
1046 3411 1132 3473 onrni
1150 3409 1309 3473 solutione
1325 3417 1358 3474 et
1374 3433 1468 3474 onere
1483 3410 1640 3475 dictarum
1656 3412 1825 3475 terciarum
1842 3418 1876 3476 et

465 3515 650 3603 portionum
680 3512 904 3575 manachorum
936 3512 1083 3577 omnibus
1111 3513 1308 3599 temporibus
1336 3514 1494 3591 affuturis,
1524 3516 1570 3578 Et
1597 3538 1706 3578 omnes
1729 3515 1808 3578 alios
1834 3514 1876 3580 ad

464 3619 573 3684 eadem
585 3619 733 3680 interesse
745 3615 898 3679 habentes
909 3640 962 3680 seu
975 3617 1199 3703 pretendentes
1209 3616 1248 3680 de
1258 3619 1344 3680 omni
1356 3617 1500 3681 ulteriori
1512 3620 1747 3683 intromissione
1758 3620 1875 3706 impos·

465 3723 558 3788 terim
583 3743 654 3784 cum
677 3719 793 3783 eisdem
817 3721 922 3783 tertiis
945 3728 978 3784 et
999 3721 1203 3808 portionibus
1226 3722 1459 3785 Monachorurn
1490 3730 1548 3787 aut
1573 3722 1683 3808 aliqua
1705 3722 1875 3788 earundem

466 3833 559 3914 parte
574 3825 613 3889 de
629 3825 859 3911 prenominatis
870 3826 974 3902 terris,
987 3825 1125 3889 baroniis
1141 3833 1175 3891 et
1190 3825 1260 3889 aliis
1272 3827 1496 3914 suprascriptis
1511 3827 1698 3914 simpliciter
1711 3835 1746 3893 et
1760 3829 1876 3915 imper·

466 3938 610 4018 potuum,
621 3951 692 3992 cum
704 3935 799 4014 paeto
810 3928 850 3992 de
863 3952 926 3992 non
939 3929 1079 4016 petendo
1091 3937 1124 3996 et
1136 3929 1358 4017 supplemento
1371 3931 1513 3995 omnium
1530 3931 1711 3996 defectuum
1729 3939 1795 3996 tam
1811 3955 1875 3996 non

466 4035 702 4101 nominatorum
715 4055 810 4118 quam
824 4034 1074 4111 nominatorum,
1084 4057 1164 4121 quos
1177 4057 1236 4120 pro
1246 4035 1398 4121 expressis
1409 4036 1441 4098 in
1451 4035 1511 4099 hac
1521 4036 1659 4121 presenti
1669 4042 1759 4100 carta
1767 4043 1877 4101 nostra

465 4137 575 4204 haberi
593 4136 756 4210 volumus;
774 4136 917 4200 Ulterius
933 4161 992 4224 pro
1008 4137 1099 4202 nobis
1115 4145 1149 4202 et
1160 4138 1389 4203 successoribus
1401 4139 1517 4204 nostris
1530 4139 1676 4204 volumus
1688 4147 1721 4204 et
1732 4138 1875 4204 concedi-

466 4267 535 4308 mus
550 4264 587 4305 ae
601 4241 698 4305 etiam
711 4239 908 4304 decernimus
924 4249 958 4306 et
973 4241 1167 4319 ordinamus
1180 4241 1268 4328 quod
1284 4241 1428 4329 predicte
1439 4251 1534 4322 terre,
1545 4242 1734 4322 dominium,
1746 4244 1877 4308 baronia

466 4356 500 4414 et
530 4347 593 4411 alia
622 4345 765 4432 superius
791 4346 971 4431 specificata
998 4346 1086 4410 nullo
1112 4346 1229 4411 abhinc
1256 4354 1399 4433 tempore
1424 4348 1510 4411 inter
1532 4355 1633 4412 terras
1656 4371 1710 4411 seu
1734 4347 1877 4412 redditus

466 4451 690 4518 ecclesiasticos
706 4448 905 4513 taxabantur
927 4472 998 4514 cum
1022 4451 1105 4515 clero
1121 4474 1177 4514 nec
1194 4458 1282 4514 statu
1300 4450 1347 4513 vel
1371 4452 1483 4515 ordine
1499 4451 1719 4530 ecclesiastico,
1734 4453 1767 4515 in
1783 4453 1877 4530 taxis,

467 4552 759 4622 contributiouibus
775 4560 808 4617 et
824 4554 972 4616 oneribus
993 4578 1088 4640 super
1108 4577 1240 4640 regnum
1257 4562 1401 4618 nostrum
1419 4556 1578 4642 impositis
1593 4563 1652 4620 aut
1666 4555 1878 4643 imponendis,

467 4660 522 4726 sed
547 4656 635 4745 quod
661 4656 768 4720 eadem
797 4680 868 4720 curn
894 4657 1066 4722 baronibus
1089 4666 1122 4722 et
1146 4658 1283 4723 dominis
1310 4660 1541 4746 temporalibus
1563 4659 1733 4723 secundum
1756 4660 1876 4723 iustum

468 4764 606 4830 valorem
622 4769 656 4827 et
670 4768 773 4825 ratam
789 4761 960 4826 liberorum
978 4762 1160 4826 reddituum
1183 4761 1353 4825 earundem
1378 4763 1591 4840 taxabantur,
1606 4771 1704 4850 prout
1723 4762 1878 4850 generalis

468 4867 678 4937 taxandarum
695 4867 793 4931 totius
805 4867 893 4953 regni
907 4867 1008 4931 nostri
1021 4874 1177 4932 terrarum
1190 4865 1268 4931 ordo
1280 4867 1518 4932 constituetur:
1533 4869 1580 4932 Et
1592 4867 1739 4932 similiter
1750 4890 1807 4931 nos
1818 4891 1878 4956 pro

468 4977 560 5055 nobis
580 4981 613 5040 et
639 4971 866 5037 successoribus
892 4974 1009 5040 nostris
1034 4971 1189 5055 volumus,
1211 4971 1412 5040 concedimus
1435 4980 1468 5037 et
1490 4974 1715 5041 constituimus
1739 4972 1827 5069 quod
1851 4974 1877 5044 si
