4412 5948
676 844 733 915 ΟΕ
762 845 859 916 THE
889 845 1053 916 BURGH
1084 843 1141 916 OF
1170 845 1375 917 PAISLEY.
1691 847 1733 915 45

325 1037 429 1101 Ponte
444 1036 689 1114 Monachorum‚
705 1035 745 1101 de
759 1036 945 1114 Trcfforcio‚
957 1035 997 1100 de
1013 1036 1208 1101 Chamdiaco
1220 1043 1255 1100 et
1270 1036 1378 1100 Sancti
1391 1037 1523 1122 Georgii
1535 1036 1575 1100 de
1586 1036 1734 1100 Musasco

324 1140 524 1227 prioratuum
549 1141 669 1226 priores
701 1139 889 1204 diffinitores
920 1140 1053 1227 capituli
1085 1139 1240 1226 generalis
1264 1139 1343 1203 sacri
1375 1138 1496 1204 ordinis
1520 1138 1735 1204 Cluniacensis

323 1244 519 1310 auctoritate
538 1244 716 1330 apostolica
732 1242 882 1330 deputati
900 1244 1063 1307 Universis
1078 1250 1239 1330 presentes
1253 1242 1379 1307 litteras
1394 1242 1584 1329 inspecturis
1599 1241 1734 1306 salutem

324 1347 358 1412 in
379 1348 521 1412 Domino
544 1348 790 1435 sempiternam:
813 1354 928 1411 notum
951 1347 1084 1412 facimus
1108 1346 1196 1433 quod
1220 1370 1277 1410 nos
1302 1347 1426 1412 visset
1450 1345 1563 1410 audita
1588 1353 1736 1433 requesta

324 1451 417 1517 nobis
431 1474 491 1539 pro
507 1459 600 1538 parte
618 1451 780 1516 reverendi
803 1452 836 1516 iu
859 1451 988 1516 Christo
1004 1452 1105 1538 patris
1120 1450 1242 1516 domini
1259 1451 1390 1537 Georgii
1406 1450 1535 1515 abbatis
1551 1449 1735 1515 monasterii

324 1553 365 1619 de
377 1554 540 1621 Passeleto
551 1555 629 1621 dicti
641 1555 857 1620 Cluniacensis
868 1554 990 1620 ordinis
1003 1554 1209 1641 Glasguensis
1221 1554 1353 1619 diocesis
1365 1561 1522 1642 porrecta,
1532 1577 1596 1640 qua
1606 1560 1737 1619 cavetur

325 1657 460 1722 eundem
486 1657 637 1723 abbatem
662 1657 702 1723 de
726 1657 857 1721 licencia
885 1657 946 1721 sibi
970 1680 1066 1745 super
1095 1658 1156 1722 hoc
1187 1680 1245 1744 per
1276 1657 1440 1743 quondam
1471 1656 1555 1722 bone
1586 1656 1736 1720 memorie

324 1760 617 1826 reverendissimum
644 1762 678 1825 in
704 1761 834 1825 Christo
857 1768 981 1847 patrem
1009 1760 1174 1826 dominum
1200 1761 1382 1825 Johannem
1405 1760 1445 1825 de
1468 1760 1631 1826 Borbonio
1653 1760 1735 1847 epis·

324 1887 441 1953 copum
452 1866 618 1930 Avicienci
629 1871 663 1929 et
674 1872 865 1952 perpetuum
876 1864 1170 1929 administratorem
1183 1865 1216 1928 in
1228 1863 1450 1951 spiritualibus
1461 1871 1495 1929 et
1505 1862 1736 1952 temporalibus

325 1967 404 2033 dicti
421 1968 605 2033 monasterii
621 1968 836 2033 Cluniacensis
851 1991 998 2032 concessa
1012 1967 1054 2032 ad
1077 1969 1375 2053 augmentacionem
1391 1968 1549 2055 pittancia
1568 1974 1603 2032 et
1616 1989 1735 2031 recrea-

325 2072 423 2137 tionis
448 2078 622 2136 conventus
648 2071 697 2135 sui
726 2070 805 2135 dicti
832 2069 894 2135 loci
918 2069 958 2135 de
981 2070 1143 2136 Passeleto
1162 2069 1285 2135 dedisse
1305 2071 1490 2135 concessisse
1510 2077 1545 2136 et
1563 2071 1737 2157 assignasse

325 2174 427 2240 eidem
443 2175 614 2239 conventui
630 2180 787 2262 perpetuo
802 2174 939 2260 triginta
961 2181 1051 2239 scuta
1070 2174 1141 2238 auri
1164 2174 1262 2238 annui
1286 2181 1320 2240 et
1344 2173 1491 2261 perpetui
1514 2172 1659 2239 redditus
1677 2195 1737 2261 pro

325 2278 495 2344 dotacione
509 2285 543 2344 et
557 2279 804 2366 supportacione
819 2280 913 2342 unius
927 2279 1134 2342 anniversarii
1157 2277 1294 2342 solennis
1309 2286 1343 2342 et
1357 2277 1584 2343 nonnullorum
1600 2277 1737 2342 aliorum

326 2383 549 2468 suffragiorum
564 2383 597 2446 in
613 2381 724 2446 eodem
740 2381 932 2446 monasterio
947 2380 987 2446 de
1008 2380 1168 2446 Passeleto
1183 2405 1239 2469 per
1254 2381 1377 2446 dictum
1397 2389 1591 2447 conventum
1613 2388 1647 2446 et
1664 2403 1738 2445 suos

326 2509 515 2550 successores
537 2485 580 2550 ad
598 2485 812 2550 intencionem
837 2485 935 2572 ipsius
959 2484 1081 2549 domini
1099 2484 1228 2550 abbatis
1252 2491 1409 2573 perpetuo
1433 2492 1467 2550 et
1489 2484 1623 2571 singulis
1644 2485 1737 2549 annis

326 2588 504 2654 fiendorum
526 2596 560 2654 et
582 2587 843 2654 celebrandorum
866 2587 926 2652 sub
948 2587 1096 2653 clausulis
1120 2595 1229 2653 tamen
1255 2588 1495 2653 condicionibus
1518 2595 1552 2652 et
1577 2587 1738 2652 modifica·

326 2693 470 2759 cionibus
500 2693 533 2758 in
559 2692 677 2758 litteris
703 2692 789 2757 inter
811 2693 896 2779 ipsos
916 2691 1121 2757 abbatemet
1144 2699 1335 2756 conventum
1359 2691 1399 2757 de
1419 2692 1562 2756 unanimi
1586 2714 1738 2756 consensu

327 2799 449 2886 pariter
473 2805 508 2863 et
531 2820 658 2862 assensu
685 2804 723 2861 ut
749 2797 901 2861 asseritur
926 2797 1077 2862 confectis
1107 2804 1141 2862 et
1164 2797 1300 2884 passatis
1337 2795 1436 2861 lacius
1472 2803 1507 2862 et
1534 2795 1578 2861 ad
1608 2795 1738 2884 plenum

327 2900 496 2967 declaratis
511 2908 650 2987 suntque
666 2900 745 2965 dicti
761 2901 860 2964 annui
876 2900 1020 2966 redditus
1036 2900 1120 2965 infra
1140 2899 1277 2986 burgum
1293 2899 1334 2965 de
1356 2899 1515 2964 Passeleto
1539 2907 1573 2964 et
1596 2923 1634 2964 eo
1657 2900 1740 2964 circa

327 3005 501 3092 assignati:
523 3003 731 3090 Requirendo
753 3011 787 3068 et
811 3003 1022 3091 supplicando
1045 3004 1212 3069 humiliter
1235 3010 1394 3090 quatenus
1417 3002 1600 3068 huiusmodi
1625 3002 1739 3068 funda·

328 3109 450 3173 tionem
464 3106 666 3172 dotationem
687 3113 722 3171 et
736 3107 984 3192 assignationem
1006 3130 1044 3171 ac
1059 3107 1168 3171 omnia
1189 3114 1223 3171 et
1245 3105 1372 3192 singula
1393 3106 1427 3169 in
1449 3106 1601 3193 predictis
1623 3106 1740 3171 litteris

327 3218 481 3276 contenta
506 3209 636 3275 laudare
661 3210 819 3274 ratificare
844 3216 879 3274 et
907 3209 1086 3297 approbare
1115 3208 1157 3274 ad
1187 3216 1375 3297 perpetuam
1402 3208 1527 3274 roboris
1554 3209 1739 3273 firmitatem

329 3314 479 3379 vellemus
494 3321 528 3378 et
542 3312 757 3400 dignaremur.
804 3313 892 3377 Hinc
907 3312 1060 3400 estquod
1075 3313 1136 3377 hiis
1151 3313 1287 3378 attentis
1302 3321 1336 3379 et
1350 3312 1439 3400 quod
1450 3313 1541 3400 justa
1555 3311 1740 3399 petentibus

329 3440 394 3482 non
409 3425 458 3482 est
473 3416 658 3505 petentibus
673 3439 738 3481 non
753 3423 802 3481 est
824 3415 1028 3504 denegandus
1043 3439 1185 3481 assensus
1207 3416 1411 3482 attendentes
1426 3417 1525 3481 etiam
1547 3415 1739 3501 singularem

329 3520 533 3586 devotionem
549 3520 648 3607 ipsius
663 3520 785 3584 domini
801 3519 930 3585 abbatis
944 3527 978 3585 et
993 3543 1120 3584 causam
1135 3521 1238 3606 ipsam
1251 3518 1295 3584 ad
1310 3521 1371 3585 hoc
1391 3521 1541 3607 precipue
1559 3526 1740 3584 moventem

329 3623 505 3710 habitaque
535 3625 619 3688 inter
647 3646 705 3687 nos
731 3621 961 3687 deliberatione
987 3630 1115 3687 matura
1140 3623 1241 3710 ipsam
1271 3622 1493 3687 fundationem
1523 3620 1739 3709 predictorum

330 3727 468 3792 solennis
482 3727 577 3792 officii
592 3734 626 3793 et
640 3726 776 3791 aliorum
792 3727 1015 3811 suffragiorum
1031 3749 1153 3790 necnon
1168 3725 1369 3789 dotacionem
1386 3732 1421 3790 et
1436 3725 1684 3810 assignacionem
1700 3724 1741 3790 de

330 3831 468 3916 triginta
482 3831 580 3896 scutis
595 3830 664 3894 auri
680 3829 778 3893 annui
793 3827 938 3893 redditus
953 3829 1038 3893 infra
1052 3829 1175 3893 dictum
1190 3827 1327 3914 burgum
1341 3828 1381 3892 de
1392 3826 1552 3892 Pesseleto
1564 3834 1598 3892 et
1609 3851 1646 3892 eo
1658 3828 1741 3892 circa

330 3932 552 4020 adjacentibus
567 3931 696 3997 levandi
711 3939 745 3996 et
757 3931 953 4018 percipiendi
969 3931 1103 4017 singulis
1117 3932 1210 3995 annis
1225 3937 1381 4018 perpetuo
1396 3952 1454 4017 per
1467 3929 1590 3995 dictum
1605 3953 1740 3994 conven-

331 4043 410 4101 tum.
435 4036 617 4122 Omniaque
626 4041 660 4099 et
670 4034 797 4120 singula
807 4032 871 4097 alia
882 4035 916 4097 in
928 4034 1045 4099 litteris
1056 4034 1360 4121 supramentionatis
1372 4040 1524 4099 contenta
1535 4040 1570 4098 et
1580 4031 1741 4097 declarata

331 4139 373 4203 ad
388 4139 530 4226 ipsorum
546 4138 673 4204 abbatis
688 4144 722 4202 et
736 4144 910 4202 conventus
925 4137 966 4202 de
980 4137 1108 4202 Pasleto
1123 4137 1275 4201 humilem
1295 4136 1563 4225 supplicacionem
1586 4137 1620 4201 in
1639 4159 1740 4223 quan·

331 4249 402 4307 tum
417 4241 458 4307 de
470 4241 544 4328 jure
559 4242 714 4329 possimus
728 4247 762 4305 et
776 4239 928 4305 debemus
943 4264 980 4304 ac
995 4241 1020 4304 si
1036 4248 1070 4305 et
1085 4249 1243 4327 quatenus
1264 4241 1327 4305 rite
1349 4247 1383 4304 et
1404 4239 1548 4326 legitime
1564 4240 1741 4306 factasunt

331 4347 528 4412 auctoritate
542 4344 799 4433 apostolicaque
814 4345 979 4430 fungimur
993 4343 1160 4408 laudamus
1175 4343 1391 4431 approbamus
1407 4344 1624 4431 emologemus
1639 4345 1739 4410 ratifi-

332 4471 439 4513 camus
465 4449 756 4533 auctoritatemque
781 4453 815 4511 et
840 4445 1003 4511 decretum
1030 4446 1063 4510 in
1093 4446 1209 4512 eisdem
1233 4447 1466 4534 interponimus
1487 4469 1545 4533 per
1569 4453 1738 4534 presentes.

332 4553 481 4617 Ceterum
498 4549 642 4614 volumus
656 4573 731 4637 ymo
747 4549 929 4615 omnimode
944 4549 1139 4614 auctoritate
1154 4548 1299 4637 predicta
1315 4571 1379 4634 qua
1399 4549 1564 4635 fungimur
1578 4548 1740 4614 interdici·

331 4677 401 4719 mus
415 4661 450 4719 et
464 4653 669 4741 prohibemus
684 4675 724 4717 ne
739 4652 818 4718 dicti
830 4651 975 4717 redditus
987 4651 1175 4718 dividantur
1186 4674 1240 4716 seu
1252 4651 1491 4717 distribuantur
1503 4651 1741 4739 particulariter

331 4759 417 4824 inter
437 4756 601 4844 religiosos
626 4756 706 4822 dicti
732 4763 906 4822 conventus
932 4756 987 4821 sed
1014 4757 1047 4821 in
1067 4757 1227 4821 communi
1251 4779 1311 4843 pro
1333 4778 1442 4820 eorum
1466 4755 1625 4843 pittancia
1642 4756 1741 4843 juxta

332 4868 472 4927 mentem
483 4860 620 4949 predicti
631 4860 812 4926 fundatoris
823 4866 1027 4948 exponantur
1038 4867 1071 4924 et
1081 4859 1293 4947 applicentur.
1319 4860 1357 4924 In
1370 4881 1506 4946 qnorum
1516 4860 1739 4946 premissorum

331 4965 431 5032 robur
444 4963 540 5030 tidem
559 4971 593 5029 et
614 4965 835 5030 testimonium
859 4963 965 5050 sigilla
986 4962 1189 5028 dominorum
1210 4963 1387 5028 claustralis
1402 4962 1629 5044 Cluniacensis‚
1643 4963 1741 5029 Celsi-
