4412 5948
461 765 504 826 22
823 759 1067 823 CHARTERS
1100 759 1196 823 AND
1227 759 1506 822 DOCUMENTS

462 1081 675 1146 8.-Clmrter
689 1079 1112 1178 queplegiruion'granted
1126 1087 1158 1142 to
1172 1079 1274 1143 Abbot
1295 1079 1432 1144 Ttonms
1453 1079 1720 1144 Temarundam
1742 1079 1873 1142 Merrae·

550 1191 619 1268 ter-y
640 1184 685 1269 of
697 1183 823 1268 Puisley
846 1183 886 1268 ty
907 1185 1015 1247 Junves
1037 1181 1605 1268 II.—En1nuunon‚13th·lanuary,
1622 1181 1775 1246 1450-51.

463 1385 563 1448 Carta
576 1381 774 1471 replegiandi
790 1382 934 1448 homines
949 1382 991 1448 ab
1013 1382 1127 1448 itinere
1149 1383 1330 1461 camerarie,
1344 1404 1402 1469 per
1423 1381 1581 1448 Jacobum
1604 1381 1776 1447 secundum
1799 1404 1874 1446 con·

550 1509 635 1552 cessa
649 1487 761 1553 abbati
776 1487 903 1552 Thome
917 1489 1042 1551 Terves
1057 1494 1091 1552 et
1105 1487 1276 1551 conventui
1292 1485 1332 1550 de
1347 1485 1499 1552 Pasleto.⁸

462 1657 662 1722 JACOBUS
680 1657 740 1722 Dei
755 1659 862 1744 gratia
876 1680 932 1722 rex
947 1658 1131 1723 Scottorum
1154 1654 1302 1721 omnibus
1324 1654 1434 1743 probis
1457 1655 1641 1721 hominibus
1666 1656 1768 1723 totius
1788 1661 1874 1721 terre

463 1783 519 1824 sue
544 1760 664 1825 clericis
690 1767 724 1826 et
749 1760 837 1825 laicis
863 1760 1007 1825 salutern.
1063 1761 1177 1824 Sciatis
1203 1783 1260 1823 nos
1284 1758 1326 1823 ad
1355 1759 1483 1824 laudeni
1509 1766 1543 1825 et
1568 1759 1720 1824 honorem
1750 1761 1812 1824 Dei
1842 1766 1877 1825 et

462 1863 687 1950 gloriosissime
703 1865 842 1950 Virginis
857 1865 962 1928 lllarie
977 1864 1088 1928 matris
1103 1885 1168 1938 sue,
1182 1871 1217 1928 et
1231 1862 1319 1928 beati
1335 1863 1448 1927 Mirini
1464 1862 1660 1938 confessoris,
1671 1870 1706 1927 et
1721 1863 1874 1928 Omnium

464 1969 665 2046 Sanctorum,
701 1991 739 2032 ac
776 1991 835 2055 pro
864 1967 967 2033 salute
1003 1969 1108 2032 anime
1137 1966 1299 2054 quondam
1331 1965 1534 2031 illustrissimi
1565 1966 1718 2054 principis
1751 1965 1874 2032 domini

463 2070 577 2136 Jacobi
609 2073 792 2135 Scottorum
822 2073 904 2157 regis
932 2071 1088 2156 genitoris
1114 2071 1228 2146 nostri,
1255 2076 1289 2135 et
1314 2071 1508 2134 serenissime
1533 2071 1719 2158 principisse
1748 2070 1876 2146 domine

464 2175 614 2240 Johanne
628 2175 736 2260 regine
759 2177 865 2240 Scotie
887 2175 1051 2260 genitricis
1074 2181 1191 2252 nostre,
1214 2181 1248 2239 et
1271 2197 1330 2258 pro
1353 2181 1464 2238 nostro
1487 2173 1605 2238 salubri
1630 2181 1730 2253 statu,
1755 2199 1792 2239 ac
1817 2197 1876 2262 pro

465 2277 568 2343 salute
582 2280 687 2343 anime
702 2286 810 2342 nostre
824 2286 858 2343 et
881 2277 1077 2343 inclitissime
1099 2279 1285 2365 principisse
1309 2277 1437 2342 domine
1461 2279 1565 2342 Marie
1589 2279 1698 2364 regine
1720 2279 1876 2345 consortis

464 2389 573 2448 nostre
588 2383 756 2457 carissime,
771 2405 807 2445 ac
822 2382 1000 2446 animarum
1015 2389 1247 2446 antecessorum
1264 2389 1297 2446 et
1320 2405 1529 2446 successorum
1546 2389 1740 2460 nostrorum,
1755 2382 1876 2447 dedisse

464 2493 499 2551 et
513 2487 698 2550 concessisse
712 2485 904 2551 hereditarie
926 2508 986 2572 pro
1008 2494 1175 2573 perpetuo,
1200 2488 1281 2563 Deo,
1304 2485 1399 2550 beate
1422 2487 1527 2550 Maris
1552 2487 1675 2572 Virgini
1699 2494 1732 2551 et
1758 2489 1876 2552 Sancto

465 2589 588 2654 Mirino
610 2596 644 2654 et
668 2589 839 2654 venerabili
865 2591 898 2654 in
923 2590 1053 2654 Christo
1077 2590 1163 2676 patri
1187 2590 1312 2653 'lliome
1338 2588 1450 2653 abbati
1478 2590 1662 2655 monasterii
1686 2589 1726 2655 de
1749 2590 1876 2654 Pasleto

465 2692 669 2780 ejusdemque
684 2695 854 2759 conventui
870 2701 905 2759 et
926 2716 1036 2758 eorum
1059 2692 1298 2770 successoribus,
1321 2693 1419 2780 ipsius
1440 2694 1624 2758 monasterii
1649 2692 1820 2758 abbatibus
1842 2701 1877 2760 et

465 2795 639 2873 monachis,
653 2819 690 2860 ac
705 2819 814 2860 eorum
838 2796 975 2874 ballivis,
989 2795 1154 2882 deputatis
1177 2803 1210 2861 et
1233 2796 1386 2860 ministris
1411 2797 1468 2882 qui
1493 2819 1551 2884 pro
1578 2803 1721 2884 tempore
1744 2796 1876 2875 fuerint,

465 2897 637 2976 licentiam,
653 2900 892 2976 auctoritatem,
907 2899 1094 2963 facultatem
1110 2905 1144 2963 et
1158 2898 1334 2986 plenariam
1350 2905 1543 2985 potestatem
1560 2898 1757 2986 replegiandi
1768 2921 1876 2964 omnes

464 3008 498 3066 et
513 3000 653 3086 singulos
669 3024 741 3064 suos
757 3007 912 3078 tenentes,
929 3003 1094 3078 firmarios,
1109 3001 1228 3066 incolas
1246 3009 1280 3066 et
1296 3001 1514 3066 inhabitantes
1533 3008 1632 3066 terras
1646 3002 1727 3067 dicti
1751 3025 1875 3067 monas·

465 3106 538 3170 terii
553 3105 637 3169 infra
651 3105 770 3170 limites
792 3113 825 3171 et
847 3105 969 3170 bundas
985 3107 1264 3170 vicecomitatuum
1289 3113 1470 3170 nostrorum
1493 3105 1533 3170 de
1560 3108 1637 3185 Are,
1662 3106 1821 3171 Reinfrew
1843 3114 1876 3173 et

465 3208 668 3288 Dunbertan,
704 3231 785 3295 quos
825 3208 1066 3296 quibuscunque
1108 3210 1224 3274 futuris
1269 3209 1467 3297 temporibus
1504 3209 1678 3294 contigerit
1714 3208 1876 3289 indictuni,

464 3314 636 3380 attachiari
659 3337 713 3376 seu
735 3315 883 3376 arrestari
904 3334 964 3401 pro
987 3313 1229 3401 quibuscunque
1253 3315 1414 3378 maleficiis
1436 3337 1490 3378 seu
1513 3314 1815 3400 transgressionibus
1834 3314 1878 3380 ad

464 3418 581 3481 itinera
596 3424 705 3480 nostra
720 3417 889 3480 camerarie
905 3417 937 3478 in
959 3424 1121 3503 posterum
1145 3417 1284 3481 tenenda
1307 3418 1390 3481 infra
1414 3417 1654 3481 vicecomitatus
1677 3417 1877 3505 supradictos

464 3519 514 3584 vel
529 3519 667 3605 aliquem
683 3518 866 3596 eorundem,
882 3541 953 3582 cum
970 3519 1154 3583 omnimoda
1169 3527 1203 3583 et
1217 3519 1362 3606 plenaria
1383 3526 1545 3607 potestate
1566 3519 1696 3585 tenendi
1713 3521 1830 3585 itinera
1843 3526 1878 3586 et

463 3625 567 3692 curias
581 3624 752 3688 camerarie
773 3623 813 3687 de
837 3623 1031 3701 hominibus,
1053 3624 1164 3687 incolis
1189 3632 1222 3689 et
1245 3624 1429 3689 tenentibus
1452 3625 1516 3687 suis
1539 3624 1730 3711 supradictis
1757 3626 1790 3689 in
1814 3625 1877 3690 fine

464 3727 636 3816 cujuslibet
651 3728 774 3792 itineris
789 3728 889 3791 nostri
906 3728 1076 3792 camerarie
1095 3726 1236 3791 locorum
1260 3729 1487 3815 predictorum,
1501 3728 1590 3793 dicto
1615 3736 1725 3794 nostro
1750 3730 1876 3794 Camer-

464 3834 532 3898 ario
547 3839 606 3896 aut
620 3831 688 3918 ejus
703 3831 862 3918 deputato
877 3839 991 3895 vocato
1007 3854 1064 3918 per
1073 3830 1237 3896 Abbatem
1251 3831 1299 3895 vel
1312 3855 1384 3895 suos
1395 3830 1529 3896 ballivos
1541 3855 1600 3919 pro
1612 3834 1675 3896 suis
1684 3833 1877 3912 assistentia,

464 3936 596 4002 consilio
611 3942 645 4000 et
658 3934 780 3998 auxilio
793 3962 801 4010 3
824 3933 968 4020 dictique
983 3934 1096 3999 Abbas
1111 3942 1146 3998 et
1160 3936 1208 3998 sui
1224 3934 1365 3998 officiarii
1381 3943 1415 3999 et
1426 3934 1575 4021 deputati
1591 3936 1647 4022 qui
1659 3959 1718 4024 pro
1731 3944 1876 4023 tempore

464 4040 585 4106 fuerint
613 4060 790 4124 congruum
823 4038 953 4124 justitie
989 4038 1258 4125 complementum
1292 4038 1432 4125 plenarie
1462 4040 1704 4118 ministrabunt,
1739 4063 1876 4105 unacum

464 4145 560 4210 assisa
574 4142 777 4229 burgensium
801 4140 895 4227 burgi
920 4143 1021 4206 nostri
1046 4166 1103 4230 per
1127 4141 1290 4207 Abbatem
1316 4165 1369 4205 seu
1396 4165 1468 4205 suos
1493 4141 1627 4208 ballivos
1654 4144 1797 4209 vocanda
1820 4143 1876 4209 ubi

463 4250 552 4316 dicta
577 4248 693 4312 itinera
719 4253 829 4310 nostra
855 4245 1058 4311 tenebuntur.
1114 4247 1161 4310 Et
1186 4246 1329 4333 prefatus
1355 4245 1542 4310 venerabilis
1568 4248 1601 4312 in
1628 4248 1758 4312 Christo
1785 4255 1877 4335 pater

465 4354 576 4440 suique
591 4373 789 4427 successores,
804 4349 946 4414 officiarii
962 4357 996 4415 et
1010 4349 1159 4437 deputati
1175 4350 1330 4437 recipient
1345 4357 1379 4414 et
1393 4348 1546 4415 levabunt
1561 4351 1600 4416 de
1615 4374 1724 4416 eorum
1737 4351 1876 4417 tenenti-

465 4459 524 4525 bus
539 4456 793 4530 amerciamenta,
809 4454 913 4518 exitus
929 4476 1056 4518 suorum
1081 4455 1232 4518 itinerum
1255 4454 1375 4541 absque
1399 4454 1652 4520 dissimulatione
1675 4479 1876 4543 quacunque,

466 4565 513 4630 ita
524 4561 610 4650 quod
623 4558 665 4624 ob
676 4558 836 4623 defectum
849 4558 1045 4623 executionis
1056 4559 1186 4644 justitie
1197 4560 1298 4622 nostri
1311 4558 1482 4641 burgenses
1494 4581 1551 4622 suo
1563 4559 1689 4624 defectu
1699 4559 1875 4648 dampnum

466 4667 596 4733 minime
617 4663 804 4751 patientur;
827 4685 889 4747 que
911 4662 1168 4740 amerciamenta,
1182 4662 1325 4749 prolicua
1347 4669 1381 4725 et
1403 4664 1508 4727 exitus
1531 4663 1680 4728 itinerum
1706 4665 1876 4728 camerarie

712 4913 796 4984 ⁸ch.
813 4913 844 4966 de
857 4912 934 4982 Pas,
950 4913 1011 4969 257.
1051 4912 1114 4983 aeq.
1132 4911 1220 4980 Man,
1236 4911 1290 4982 sic.
1308 4913 1369 4980 522,
1385 4913 1440 4965 vol.
1463 4914 1623 4967 14241513.
