4438 5932
444 820 487 882 54
805 820 1050 883 CHARTERS
1081 820 1179 882 ANl)
1210 818 1489 882 DOCUMEN'I'S

444 1002 550 1068 nullus
565 1003 648 1069 alter·
661 1006 804 1093 superior
819 1006 968 1071 interesse
984 1004 1101 1069 lrabeat
1121 1005 1182 1084 Qui
1199 1003 1333 1092 predicti
1358 1002 1467 1069 ballivi
1487 1010 1521 1068 et
1543 1002 1758 1067 cummunitas
1780 1023 1850 1089 pre·

443 1105 503 1171 fati
521 1106 613 1194 burgi
630 1117 703 1196 post
718 1108 844 1173 obiturn
861 1116 1004 1175 nostrum
1020 1107 1133 1173 Jacobi
1150 1116 1184 1173 et
1199 1107 1387 1174 Elisabetht
1410 1108 1494 1172 infra
1515 1107 1629 1192 viginti
1646 1105 1712 1170 dies
1726 1129 1747 1170 a
1768 1112 1850 1169 tern-

444 1232 521 1297 pore
537 1212 709 1276 vacationis
725 1212 867 1300 predicte
881 1211 1055 1299 capellanie
1066 1210 1225 1298 ydoneum
1242 1210 1448 1276 sufficientem
1460 1234 1497 1274 ac
1509 1209 1592 1273 bone
1603 1208 1851 1273 conversationis

443 1312 641 1400 capellanum
665 1322 698 1378 et
721 1338 777 1402 pre
799 1314 911 1379 ceteris
934 1315 1080 1378 natiuum
1106 1312 1198 1397 burgi
1222 1313 1262 1377 de
1288 1313 1416 1377 Pasleto
1437 1313 1478 1377 ad
1499 1312 1618 1378 dictam
1642 1310 1850 1399 capellaniam

444 1415 606 1502 imponere
621 1418 788 1482 instituere
803 1425 837 1482 et
851 1417 1023 1482 admittere
1037 1417 1196 1481 curabunt
1216 1425 1248 1481 et
1276 1424 1447 1481 teneantur
1472 1417 1519 1481 Et
1540 1416 1565 1479 si
1589 1414 1667 1479 dicti
1692 1412 1801 1479 barlin·
1816 1420 1851 1478 et

444 1521 655 1585 communitas
666 1522 795 1608 patroni
818 1520 903 1585 dicte
918 1520 1094 1607 capellanie
1117 1519 1314 1605 negligentes
1337 1520 1457 1584 suerint
1473 1526 1546 1606 post
1561 1519 1687 1583 obitum
1705 1524 1848 1581 nostrum

444 1622 477 1685 in
501 1624 713 1709 presentando
736 1648 834 1689 unum
860 1624 1019 1711 ydoneum
1045 1623 1244 1710 capellanum
1272 1622 1505 1688 celebraturum
1532 1622 1573 1687 ad
1600 1621 1722 1686 dictum
1748 1620 1851 1685 altare

445 1728 632 1790 Sanctorum
651 1728 762 1792 Mirini
778 1736 811 1793 et
826 1727 982 1792 Columba
997 1729 1153 1792 situatum
1171 1727 1203 1790 in
1226 1726 1359 1793 australi
1383 1734 1474 1814 parte
1497 1724 1702 1814 perrochialis
1724 1723 1851 1788 ecclesie

444 1827 484 1892 de
501 1830 626 1893 Pasleto
642 1839 680 1895 ut
695 1831 871 1918 predicitur
886 1831 969 1896 intra
984 1832 1098 1915 viginti
1115 1829 1182 1894 dies
1196 1853 1217 1894 a
1236 1839 1379 1918 tempore
1402 1830 1577 1894 racacionis
1592 1828 1730 1892 eiusdem
1746 1826 1850 1914 capel·

444 1931 528 1997 lanie
542 1935 635 1999 'l'unc
650 1935 709 1999 hac
725 1937 791 1999 vice
807 1943 934 2000 tautum
959 1934 1069 1999 licebit
1092 1935 1190 2021 priori
1206 1935 1376 1999 ccnventui
1393 1941 1427 1999 et
1449 1933 1592 2021 capitulo
1611 1932 1794 1996 monasterii
1810 1930 1851 1995 de

446 2036 572 2102 Pasleto
587 2040 642 2124 qui
659 2062 718 2126 pro
733 2047 877 2126 ternpore
892 2039 1012 2103 fuerint
1027 2038 1186 2126 ydoneum
1202 2038 1407 2103 sufficientem
1423 2047 1457 2102 et
1480 2038 1629 2125 precipue
1649 2036 1794 2101 uatiuum
1810 2034 1851 2099 de

446 2142 573 2207 Pasleto
587 2142 784 2230 capellanum
801 2145 834 2207 in
850 2142 958 2207 eadem
982 2142 1160 2230 capellania
1175 2143 1337 2229 imponere
1354 2150 1387 2207 et
1403 2143 1571 2207 instituere
1594 2142 1733 2235 ipsorum
1757 2138 1850 2205 balli·

445 2269 554 2310 vorum
570 2254 604 2311 et
619 2248 859 2312 communitatis
876 2246 968 2332 burgi
984 2246 1025 2311 de
1041 2247 1168 2312 Pasleto
1182 2270 1335 2311 consensu
1350 2246 1391 2311 ad
1408 2247 1468 2311 hoc
1484 2246 1613 2310 minime
1628 2245 1688 2308 hac
1700 2245 1766 2308 viee
1779 2251 1849 2309 tau-

446 2356 514 2413 tum
531 2350 644 2416 habito
659 2358 717 2416 aut
729 2352 890 2437 requisito.
938 2351 1090 2414 Volumus
1102 2351 1199 2414 eciam
1213 2359 1246 2414 et
1262 2349 1544 2436 ordinamusquod
1561 2373 1617 2413 nec
1628 2348 1706 2413 dicti
1720 2348 1848 2435 patroni

444 2453 624 2518 huiusmodi
640 2454 815 2541 capellanie
838 2478 894 2519 uec
912 2453 1042 2518 heredes
1057 2455 1158 2519 nostri
1175 2454 1319 2541 predicta
1342 2460 1524 2518 tenementa
1539 2452 1686 2539 burgalia
1699 2459 1733 2516 et
1749 2459 1849 2516 terras

444 2555 590 2642 burgales
605 2566 639 2623 et
654 2566 845 2645 campestres
860 2557 899 2622 de
915 2557 1035 2622 Seidhil
1051 2565 1085 2623 et
1101 2556 1297 2621 Welrnedow
1313 2581 1370 2622 nec
1384 2558 1523 2644 aliquam
1541 2563 1664 2644 partem
1677 2554 1848 2619 earundem

445 2666 696 2725 tenementorum
712 2669 772 2725 aut
788 2668 941 2726 tenerum
959 2684 1054 2749 penes
1068 2685 1101 2724 se
1116 2661 1252 2725 retinere
1269 2660 1395 2725 valeant
1407 2660 1455 2724 vel
1471 2683 1579 2724 eorum
1592 2660 1663 2724 usui
1675 2681 1729 2722 seu
1742 2657 1849 2722 usibus

441 2763 601 2850 applicare
615 2771 673 2827 aut
688 2788 708 2827 a
722 2766 957 2830 sustentacione
971 2764 1050 2829 dicti
1067 2764 1221 2852 capellani
1237 2771 1272 2829 et
1286 2764 1397 2830 altaris
1412 2765 1614 2851 reparacione
1636 2760 1849 2849 quouismodo

440 2867 578 2931 alienare
592 2875 650 2931 aut
664 2867 763 2932 alium
779 2869 978 2956 capellanum
996 2868 1141 2956 predicto
1155 2868 1251 2934 altari
1268 2877 1449 2956 presentare
1463 2866 1541 2931 alias
1556 2890 1652 2953 quarn
1670 2874 1706 2931 vt
1716 2866 1846 2953 premit·

442 2970 524 3032 titur·
551 2968 616 3032 ulla
642 2969 708 3033 vice
736 2968 863 3036 valeant
887 2970 1081 3057 Quiquidem
1112 2969 1294 3057 capellanus
1319 2971 1362 3034 sic
1393 2976 1593 3057 presentatus
1620 2968 1789 3055 impositus
1815 2974 1849 3030 et

441 3069 594 3134 admissus
619 3071 706 3158 apud
732 3072 851 3138 dictam
879 3071 1105 3160 petrochialem
1130 3073 1289 3137 ecclesiam
1318 3072 1359 3137 de
1385 3073 1512 3137 Pasleto
1539 3070 1749 3158 personaliter
1774 3094 1848 3135 con·

442 3174 565 3239 tinuarn
583 3176 679 3239 faciet
701 3176 904 3241 residenciam
928 3184 962 3241 et
984 3176 1086 3241 indies
1111 3199 1170 3263 pro
1193 3177 1361 3241 animabus
1388 3178 1504 3241 nostris
1530 3183 1564 3240 et
1585 3174 1752 3239 animabus
1778 3197 1848 3261 pre·

442 3279 568 3366 scriptis
585 3280 708 3342 missam
732 3279 909 3368 solempnia
929 3305 966 3344 ac
992 3304 1084 3345 suum
1111 3280 1246 3345 0ffi;·iurn
1274 3280 1418 3345 divinum
1444 3281 1609 3367 signanter
1634 3287 1667 3342 et
1693 3280 1850 3366 sagaciter

441 3381 527 3468 apud
543 3382 665 3446 dictum
681 3382 783 3447 altare
797 3392 979 3449 sanctorum
996 3386 1108 3448 Mirini
1125 3392 1158 3449 et
1174 3385 1329 3449 Columbe
1347 3385 1559 3449 consessorum
1580 3407 1651 3448 cunr
1675 3383 1848 3470 dispositus

442 3485 540 3550 fuerit
554 3485 728 3551 celebrabit
750 3494 783 3551 et
806 3488 892 3574 piam
915 3488 1223 3553 commendacionem
1250 3489 1428 3552 animarum
1456 3489 1702 3575 prescriptamm
1729 3486 1847 3552 ibidem

442 3589 586 3654 celeriter
601 3590 696 3654 faciet
711 3591 773 3670 Qui
789 3593 887 3656 eciam
903 3592 1085 3680 capellanus
1099 3593 1125 3656 si
1141 3615 1174 3656 se
1188 3593 1255 3657 sine
1270 3592 1401 3657 licencia
1419 3601 1627 3679 patronorum
1644 3591 1730 3656 dicte
1744 3591 1848 3678 capel-

443 3691 527 3757 lanie
542 3694 646 3780 petita
661 3701 694 3757 et
709 3694 846 3759 obtenta
860 3696 957 3759 eciam
975 3719 1013 3759 ex
1031 3695 1215 3760 racionabili
1232 3719 1326 3760 causa
1340 3719 1360 3759 a
1376 3696 1520 3783 predicta
1530 3694 1660 3759 ecclesia
1671 3702 1705 3759 et
1716 3695 1849 3759 seruicia

442 3796 552 3861 divino
567 3797 653 3883 apud
668 3797 791 3863 dictum
807 3798 909 3863 altare
923 3798 1140 3864 absentaverit
1154 3806 1188 3863 et
1203 3824 1321 3864 moram
1340 3800 1417 3863 inibi
1435 3801 1500 3864 sive
1519 3798 1724 3863 residenciam
1748 3798 1849 3863 facere

443 3922 507 3963 nou
523 3903 681 3966 curaverit
696 3901 782 3966 ultra
796 3902 978 3988 quindecim
990 3902 1057 3966 dies
1072 3904 1266 3967 unanimiter
1276 3927 1331 3967 seu
1346 3903 1435 3968 aliud
1447 3902 1631 3967 beneficium
1645 3924 1699 3965 seu
1711 3901 1847 3966 officium

442 4011 588 4067 curatum
605 4004 652 4068 vel
673 4027 737 4068 non
760 4013 905 4069 curatum
929 4006 1143 4093 qualicunque
1166 4006 1303 4094 adeptus
1328 4008 1425 4072 fuerit
1449 4007 1561 4072 statim
1585 4029 1640 4093 per
1666 4005 1848 4070 huiusmodi

442 4130 530 4171 suam
547 4108 725 4172 absenciam
741 4110 788 4173 sui
804 4110 936 4175 alterius
951 4110 1094 4175 beneficii
1118 4112 1185 4176 siue
1200 4111 1292 4176 officii
1309 4113 1472 4198 pacificam
1496 4112 1723 4199 possessionem
1739 4111 1848 4175 huius-

444 4210 530 4275 modi
546 4211 721 4298 capellania
735 4220 882 4277 censetur
895 4237 933 4277 ex
950 4221 1027 4278 tunc
1043 4215 1112 4300 ipso
1128 4215 1214 4280 iacto
1230 4239 1339 4279 vacare
1360 4222 1394 4279 et
1415 4214 1455 4279 de
1471 4238 1554 4278 novo
1569 4215 1653 4279 alter
1667 4214 1848 4301 capellanus

441 4314 584 4401 ydoneus
600 4338 655 4402 per
666 4314 769 4379 dictos
782 4325 933 4403 patronos
946 4325 983 4381 ut
995 4318 1170 4405 predicitur
1182 4320 1213 4382 in
1226 4319 1335 4383 eadem
1347 4318 1540 4383 adrnittetru
1551 4326 1584 4383 et
1595 4319 1847 4405 institueturqui

442 4417 623 4482 huiusmodi
640 4419 774 4483 officium
791 4421 850 4484 sibi
868 4423 1067 4486 commissum
1083 4422 1191 4487 solerti
1208 4446 1284 4486 cura
1299 4422 1487 4510 perirnplere
1502 4422 1688 4508 procurabit
1699 4424 1847 4487 Ceterum

443 4522 468 4584 si
485 4522 665 4585 huiusmodi
682 4524 817 4588 officium
835 4525 1008 4611 capellanie
1023 4550 1080 4612 per
1101 4527 1198 4613 ipsius
1213 4527 1367 4614 capellani
1389 4526 1568 4591 absenciam
1593 4526 1863 4590 insufficienciam·

443 4625 672 4711 negligenciam
689 4651 742 4690 seu
758 4627 910 4692 desidiam
929 4630 959 4692 in
976 4629 1086 4716 aliquo
1101 4629 1328 4718 subpeditatur
1348 4638 1407 4695 aut
1423 4631 1606 4717 negligatur
1629 4630 1670 4694 ad
1695 4630 1756 4696 hoc
1778 4654 1848 4719 pre-

443 4730 529 4794 fatus
544 4730 818 4795 reverendissimus
835 4733 866 4795 in
882 4734 1011 4796 Christo
1028 4741 1120 4819 pater
1134 4742 1168 4798 et
1188 4735 1336 4799 dominus
1352 4735 1620 4822 Archiepiscopus
1643 4735 1849 4821 Glasguensis

443 4833 555 4919 suique
578 4835 719 4898 officiarii
744 4836 915 4922 inquibus
939 4837 1129 4921 singularem
1157 4839 1382 4903 confidenciam
1408 4840 1547 4925 gerimus
1571 4838 1679 4903 divine
1704 4840 1849 4905 caritatis

443 4937 566 5005 intuitu
582 4937 722 5007 sollicete
736 4939 910 5009 attendant
925 4947 958 5009 et
972 4941 1155 5014 consultant
1170 4943 1217 5011 Et
1231 4942 1366 5009 eundem
1382 4942 1581 5039 capellanum
1594 4944 1627 5008 in
1639 4942 1773 5039 singulis
1784 4945 1849 5016 suis
