4412 5948
442 743 464 810 6
809 747 1053 811 CHARTERS
1084 749 1181 812 AND
1210 750 1490 814 DOCUMEN'I'S

441 932 613 996 secundum
642 932 849 1019 Pulprestwie
864 955 963 1019 usque
988 935 1021 998 in
1046 957 1142 1013 mare,
1168 943 1202 999 et
1227 959 1248 999 a
1271 937 1352 1000 mari
1378 937 1549 1002 seeundum
1573 944 1751 1003 torrentem
1772 935 1859 1000 inter

442 1042 557 1100 terram
575 1035 713 1101 Arnaldi
728 1045 763 1101 et
779 1043 895 1101 temam
911 1035 952 1100 de
968 1039 1115 1102 Prestvvie
1130 1061 1230 1124 usque
1251 1037 1294 1103 ad
1312 1038 1428 1105 divisas
1450 1041 1589 1105 Simonis
1611 1040 1788 1116 Loecardi;
1810 1041 1859 1103 Et

440 1137 528 1201 illam
552 1137 713 1202 eeclesiam
729 1137 769 1202 de
792 1138 894 1224 burgo
911 1139 1036 1203 meede
1053 1141 1203 1204 Prestvie
1224 1163 1295 1204 cunr
1319 1141 1467 1206 omnibus
1483 1143 1687 1230 pertinentiis
1703 1143 1787 1216 suis,
1810 1143 1858 1204 Et

440 1249 543 1307 totam
561 1241 693 1306 salinam
710 1243 743 1306 in
759 1241 914 1306 Kalenter
931 1265 994 1328 que
1008 1242 1072 1306 fuit
1094 1243 1247 1309 Herberti
1265 1245 1437 1309 camerarii.
1484 1245 1569 1310 Dedi
1592 1246 1637 1309 eis
1660 1245 1809 1310 similiter
1823 1251 1858 1308 et

439 1345 623 1409 confirmavi
636 1346 790 1410 decimam
803 1344 978 1431 plenariam
991 1344 1031 1409 de
1044 1347 1211 1410 venatione
1223 1370 1294 1410 mea
1304 1370 1375 1411 cum
1386 1348 1490 1425 coriis,
1501 1355 1535 1412 et
1547 1355 1655 1434 preter
1666 1349 1735 1426 hec,
1747 1347 1858 1412 omnia

439 1449 542 1513 cornia
564 1471 725 1514 cervarum
751 1471 830 1534 quas
854 1471 966 1535 cepero
990 1449 1022 1512 iu
1047 1449 1253 1524 Fo1·ineisun;
1275 1451 1323 1514 Et
1344 1458 1485 1536 quatuor
1506 1450 1624 1515 solidos
1639 1452 1682 1516 ad
1697 1450 1856 1515 luminare

438 1552 566 1618 ecclesie
580 1552 620 1618 de
636 1551 819 1617 molendino
834 1551 875 1616 de
891 1551 1051 1628 Passelet;
1074 1553 1121 1616 Et
1144 1559 1182 1616 ut
1204 1552 1328 1618 molant
1342 1554 1388 1617 ibi
1408 1553 1529 1640 absque
1545 1555 1698 1631 multura,
1713 1555 1855 1643 proximi

438 1656 486 1721 illi
500 1680 595 1744 quem
613 1655 783 1720 molentem
802 1655 993 1731 invenerint,
1010 1661 1116 1741 preter
1128 1655 1282 1742 meipsum
1299 1655 1339 1720 de
1360 1655 1458 1721 blado
1480 1656 1569 1743 quod
1591 1658 1706 1722 exierit
1720 1657 1762 1722 de
1776 1679 1854 1745 pro·

437 1761 509 1848 prio
523 1761 674 1846 granario
690 1782 782 1834 meo;
805 1760 852 1823 Et
866 1765 975 1845 preter
990 1759 1058 1836 hec,
1077 1757 1251 1843 plenariam
1273 1758 1427 1824 decimam
1449 1759 1490 1824 de
1514 1761 1584 1848 ipso
1607 1761 1792 1825 molendino
1815 1759 1856 1825 de

438 1863 589 1941 Passelet,
604 1871 638 1928 et
653 1863 693 1928 de
708 1862 857 1927 omnibus
873 1861 1062 1926 molendinis
1077 1883 1139 1947 que
1150 1861 1253 1927 habeo
1269 1861 1317 1926 vel
1333 1862 1502 1927 habiturus
1517 1885 1596 1928 sum.
1643 1863 1729 1928 Dedi
1744 1864 1789 1928 eis
1805 1865 1855 1928 in-

436 1991 532 2056 super
546 1975 581 2032 et
592 1967 726 2032 concessi
740 1973 774 2030 et
786 1967 846 2030 hae
857 1988 928 2029 mea
939 1972 1028 2030 carta
1037 1965 1220 2028 confirmavi
1230 1963 1368 2029 decimas
1376 1964 1417 2029 de
1425 1966 1548 2030 cunetis
1559 1967 1655 2030 vastis
1668 1967 1757 2046 meis,
1768 1973 1803 2033 et
1815 1965 1856 2031 de

436 2072 584 2137 omnibus
601 2072 693 2138 terris
715 2093 778 2157 que
801 2070 833 2133 in
858 2068 978 2132 foresto
1001 2090 1071 2132 meo
1086 2066 1231 2132 edificate
1246 2075 1322 2133 sunt
1337 2067 1386 2132 vel
1401 2067 1656 2145 edificabuntur;
1679 2071 1726 2134 Et
1742 2070 1855 2134 omnia

435 2177 624 2241 aisiamenta
636 2175 746 2239 foresti
760 2173 821 2237 mei
836 2172 877 2236 de
892 2170 1053 2245 Passelet;
1070 2172 1116 2235 Et
1132 2178 1295 2257 pasturam
1312 2170 1345 2234 in
1359 2194 1409 2248 eo,
1420 2170 1529 2235 domui
1545 2194 1601 2235 sue
1615 2179 1649 2236 et
1660 2171 1855 2237 animalibus

435 2281 499 2344 suis
521 2287 556 2345 et
578 2279 682 2366 porcis
705 2277 769 2341 suis
791 2276 941 2363 propriis,
956 2274 1039 2339 sieut
1055 2274 1145 2352 mihi,
1160 2279 1193 2337 et
1215 2274 1279 2337 suis
1301 2273 1484 2338 hominibus
1500 2281 1537 2338 ut
1559 2274 1645 2338 meis.
1693 2275 1725 2338 Si
1741 2283 1854 2341 autem

434 2384 609 2471 contigerit
624 2381 712 2470 quod
727 2403 788 2467 ego
804 2379 853 2443 vel
868 2377 985 2465 aliquis
1000 2377 1151 2441 heredum
1168 2399 1308 2441 meorum
1325 2399 1457 2463 peccora
1471 2382 1581 2440 nostra
1596 2376 1680 2441 infra
1695 2376 1853 2443 forestum

432 2488 551 2554 habere
566 2486 769 2561 voluerimus,
785 2482 1008 2571 providebitur
1022 2482 1067 2544 eis
1084 2503 1146 2544 rina
1160 2502 1233 2567 pars
1243 2480 1282 2544 de
1298 2480 1416 2543 foresto
1431 2501 1493 2565 que
1515 2478 1575 2543 sibi
1598 2486 1632 2543 et
1653 2479 1850 2546 animalibus

432 2593 497 2657 suis
511 2590 651 2656 sufficere
667 2589 777 2678 possit.
826 2586 913 2650 Huic
927 2591 1036 2649 autern
1052 2583 1194 2672 predicte
1209 2582 1377 2646 elemosine
1392 2604 1471 2661 mee,
1485 2603 1555 2645 eum
1579 2581 1691 2645 ceteris
1706 2580 1852 2668 dignita-

433 2697 521 2763 tibus
536 2697 612 2772 suis,
627 2695 684 2759 has
699 2693 866 2758 libertates
881 2688 1020 2755 concedo
1033 2687 1069 2752 'et
1089 2687 1253 2763 confirmo,
1268 2685 1397 2762 scilieet,
1412 2707 1463 2748 sae
1485 2691 1519 2748 et
1540 2681 1626 2763 soke,
1641 2684 1689 2749 tol
1705 2691 1739 2748 et
1760 2686 1852 2752 them

431 2809 465 2868 et
480 2799 734 2887 infangentheof.
780 2795 943 2872 Testibus,
958 2792 1142 2878 Engelrano
1164 2789 1352 2875 Glasguensi
1368 2789 1525 2874 episeopo.
1542 2786 1682 2850 Rieardo
1697 2789 1851 2876 episcopo

431 2908 540 2972 Sancti
558 2904 700 2980 Andree,
714 2905 737 2967 J
738 2903 863 2967 ohanne
879 2898 998 2964 abbate
1013 2896 1054 2961 de
1066 2894 1199 2970 Kaleon,
1209 2893 1346 2956 Osberto
1356 2890 1474 2955 abbate
1486 2888 1526 2953 de
1538 2888 1712 2967 Jeddwrte,
1725 2892 1850 2978 Magis·

430 3019 482 3078 tro
498 3012 612 3075 Marco
627 3007 797 3071 Salomone
810 3004 942 3077 decano,
957 2998 1031 3063 Elia
1046 2997 1170 3066 elerico,
1192 2995 1352 3078 Magistro
1374 2992 1532 3067 Johanne,
1547 2989 1655 3055 Alano
1670 2992 1737 3055 filio
1761 3017 1845 3074 meo,

430 3115 578 3181 Roberto
593 3113 634 3178 de
646 3107 910 3195 Mundegumbri,
922 3095 1088 3167 Boldvino
1102 3099 1142 3162 de
1155 3098 1275 3181 Bigres,
1288 3093 1432 3157 Roberto
1443 3092 1483 3157 de
1495 3094 1676 3170 Costentin,
1686 3096 1849 3161 Gaufrido

428 3222 468 3287 de
484 3217 665 3294 Costentin,
682 3212 829 3278 Roberto
845 3209 911 3273 filio
928 3203 1084 3277 Fulberti,
1105 3203 1222 3263 Yweno
1246 3196 1311 3259 filio
1334 3192 1524 3269 Dovenaldi,
1540 3194 1688 3258 Waltero
1710 3195 1750 3260 de
1766 3199 1847 3264 Cos-

427 3325 547 3399 tentin,
570 3318 699 3406 Nigello
723 3315 763 3379 de
790 3309 970 3382 Costentin,
997 3300 1183 3366 Alexandro
1209 3297 1248 3360 de
1273 3296 1424 3378 Hesting‚
1446 3296 1586 3378 Hugone
1612 3294 1653 3359 de
1677 3296 1847 3378 Pad'inan,

428 3425 570 3493 Ricardo
586 3421 682 3496 Wal',
698 3415 844 3481 lieberto
861 3412 952 3480 Creo,
968 3403 1108 3486 Rogerio
1123 3399 1163 3463 de
1186 3399 1258 3474 Nea,
1274 3394 1413 3459 Ricardo
1435 3393 1548 3457 clerico
1571 3418 1651 3472 meo,
1674 3403 1708 3461 et
1731 3400 1845 3466 multis

427 3533 508 3598 aliis.

515 3758 655 3831 Walter,
667 3744 778 3818 sonof
790 3741 888 3815 Alan‚
900 3733 1041 3802 Stevvard
1058 3732 1095 3795 of
1107 3730 1162 3794 the
1178 3728 1266 3811 King
1280 3726 1318 3790 of
1329 3724 1490 3800 Seotland,
1502 3732 1538 3789 to
1552 3723 1595 3787 all
1612 3747 1684 3788 sons
1698 3728 1737 3790 of
1750 3731 1840 3818 Holy

427 3851 562 3919 Mother
577 3837 705 3906 Chureh
722 3835 851 3919 present
865 3823 929 3889 and
945 3829 981 3886 to
996 3842 1096 3894 come,
1109 3815 1255 3901 greeting
1308 3813 1409 3874 Know
1425 3810 1499 3873 that
1521 3811 1537 3872 I
1560 3809 1639 3908 have
1660 3813 1755 3894 given
1773 3819 1838 3881 and

450 3932 575 4007 ranted,
590 3924 654 3991 and
677 3921 719 4006 by
736 3918 801 3982 this
817 3937 870 4001 my
886 3912 1013 3975 charter
1027 3907 1107 3970 have
1122 3897 1303 3974 confirmed,
1318 3904 1354 3960 to
1369 3895 1442 3959 God
1463 3895 1526 3958 and
1547 3896 1639 3958 Samt
1660 3898 1755 3984 Mary
1771 3903 1837 3966 and

425 3964 483 4092 ibe
495 4014 614 4084 chureh
627 4009 664 4072 of
676 4006 769 4070 Saint
781 4005 889 4065 James
900 3995 965 4061 and
977 3994 1068 4058 Saint
1081 3987 1180 4088 Miri'n
1196 3984 1260 4048 and
1275 3984 1367 4047 Saint
1378 3980 1574 4081 Myldburga
1589 3980 1626 4044 of
1637 3983 1762 4072 Paisley
1772 3988 1837 4051 and

426 4122 462 4178 to
478 4109 534 4172 the
552 4100 643 4165 Prior
655 4091 719 4156 and
736 4086 848 4152 monks
864 4085 901 4148 of
914 4084 970 4147 the
985 4102 1069 4143 same
1084 4096 1209 4158 servmg
1223 4069 1297 4136 God
1313 4068 1412 4142 there,
1427 4066 1597 4151 according
1611 4074 1647 4130 to
1662 4069 1718 4132 the
1734 4071 1838 4138 Order

425 4197 464 4262 of
476 4192 627 4272 Clugny;
649 4181 700 4242 for
720 4177 777 4240 the
799 4172 868 4236 soul
893 4169 931 4235 of
949 4169 1038 4251 King
1061 4168 1172 4247 Henry
1188 4159 1225 4222 of
1235 4154 1386 4241 England
1400 4153 1463 4218 and
1478 4154 1528 4217 for
1542 4154 1598 4219 the
1613 4154 1682 4218 soul
1698 4157 1736 4220 of
1748 4159 1839 4313 King

425 4276 533 4348 David
548 4268 613 4335 and
629 4266 719 4346 King
734 4257 888 4323 Malcolm
904 4254 969 4319 and
984 4251 1061 4316 Earl
1077 4252 1190 4331 Henry
1204 4243 1269 4309 and
1284 4243 1321 4306 of
1333 4264 1362 4305 m
1396 4239 1550 4390 departed
1561 4240 1761 4322 forefathers,
1771 4269 1812 4311 an

423 4371 476 4434 for
491 4364 547 4428 the
561 4351 720 4419 salvation
743 4346 781 4408 of
800 4366 853 4428 my
869 4341 956 4406 Lord
979 4340 1068 4422 King
1091 4334 1247 4410 William,
1261 4329 1324 4394 and
1383 4350 1432 4391 avr
1483 4327 1531 4392 bis
1557 4327 1700 4410 brother,
1714 4331 1780 4396 and
1803 4336 1841 4400 of

479 4446 541 4513 seli
552 4440 616 4507 aud
632 4436 670 4500 of
683 4453 735 4518 my
751 4430 832 4505 wife,
847 4427 912 4490 and
928 4449 980 4511 my
995 4426 1089 4499 heirs,
1104 4423 1136 4484 in
1153 4415 1317 4506 perpetual
1334 4414 1425 4488 alms,
1439 4414 1503 4478 free
1519 4415 1600 4480 from
1615 4415 1659 4480 all
1675 4423 1837 4506 temporal

423 4478 541 4604 ildrvice
568 4527 624 4593 the
640 4516 759 4585 chureh
775 4515 813 4577 of
824 4513 994 4597 Ennyrwic
1010 4510 1087 4574 with
1102 4506 1145 4569 all
1162 4507 1203 4570 its
1219 4504 1407 4654 pertinents,
1421 4500 1488 4565 also
1508 4503 1565 4566 the
1588 4502 1688 4568 whole
1711 4507 1780 4571 mill
1803 4511 1842 4575 of

423 4578 609 4706 Ennyrivic,
632 4609 747 4688 except
769 4623 789 4663 a
812 4597 900 4660 merk
923 4596 961 4660 of
981 4594 1074 4658 silver
1096 4594 1129 4656 in
1152 4593 1180 4655 it
1196 4615 1219 4653 w
1246 4590 1298 4653 ich
1313 4589 1329 4651 I
1343 4611 1423 4673 gave
1438 4594 1474 4652 10
1489 4589 1664 4677 Randolph
1679 4592 1717 4656 of
1729 4596 1838 4672 Kent;

446 4710 493 4773 lso
509 4704 566 4767 the
581 4691 700 4760 chureh
717 4688 755 4750 of
766 4680 983 4766 Ledgerwood
999 4680 1076 4741 with
1091 4677 1134 4740 all
1151 4678 1193 4739 its
1208 4677 1408 4762 pertinents;
1430 4673 1498 4738 also
1512 4699 1532 4737 a
1546 4685 1692 4741 carucata
1706 4680 1744 4744 of
1761 4681 1838 4748 land

424 4736 684 4855 llHastendene
707 4770 808 4835 which
825 4767 954 4830 Walter
975 4765 1031 4827 the
1053 4762 1200 4848 chaplain
1224 4759 1309 4838 held,
1330 4759 1372 4846 by
1395 4761 1451 4823 the
1473 4784 1557 4825 same
1579 4762 1771 4831 boundaries
1794 4770 1816 4835 b

424 4819 527 4944 lvihieh
543 4873 584 4934 he
599 4861 675 4929 held
690 4861 718 4923 it
731 4884 739 4932 ;
761 4854 830 4918 also
847 4853 901 4916 the
916 4849 1035 4913 chureh
1053 4849 1091 4911 of
1110 4847 1265 4912 Cathcsrt
1281 4847 1357 4908 with
1372 4844 1415 4908 all
1431 4847 1473 4910 its
1489 4849 1688 4938 pertinents;
1710 4852 1778 4918 also
1793 4794 1838 4928 all
