4438 5932
461 785 504 851 64
824 783 1070 848 CHARTERS
1100 784 1199 847 AND
1230 783 1511 849 DOCUMENTS

460 974 594 1040 cuilibet
616 975 811 1061 conjunctim
835 982 869 1040 et
891 974 1016 1039 divisim
1041 976 1280 1040 vicecomitibus
1303 976 1419 1039 nostris
1434 974 1474 1039 de
1490 973 1638 1038 Ranfrevv
1657 974 1689 1037 in
1705 973 1765 1037 hac
1780 979 1872 1060 parte

460 1079 605 1143 salntem.
649 1081 733 1157 Quia
748 1102 805 1143 nos
820 1080 853 1142 in
870 1081 1021 1143 memoria
1036 1079 1190 1144 babentes
1206 1087 1350 1144 nostrum
1366 1079 1512 1143 debitum
1525 1077 1660 1141 officinm
1678 1078 1760 1140 circa
1775 1078 1870 1140 servi-

460 1183 542 1246 tium
560 1182 680 1259 Dei,ac
697 1206 754 1270 pro
771 1184 892 1269 ingenti
907 1183 973 1247 zelo
988 1206 1082 1269 quem
1100 1206 1195 1270 penes
1207 1184 1461 1248 observationem
1480 1182 1593 1268 policie
1608 1188 1641 1245 et
1657 1181 1732 1245 boni
1749 1180 1870 1244 ordinis

462 1285 547 1350 inber
561 1295 685 1351 nostros
701 1285 861 1372 subjectos
875 1288 1025 1372 gerimus,
1040 1311 1076 1350 ac
1100 1289 1248 1375 precipue
1267 1288 1353 1351 intra
1368 1285 1505 1372 burgum
1522 1293 1665 1350 nostrum
1682 1285 1722 1349 de
1738 1284 1873 1370 Paslay3

460 1392 507 1454 Et
522 1390 609 1477 quod
624 1414 719 1478 snper
733 1392 841 1455 omnia
855 1415 894 1455 ex
910 1392 1013 1455 officio
1029 1401 1139 1457 nostro
1151 1399 1298 1456 tenemur
1308 1390 1350 1455 ad
1361 1389 1618 1478 amplectendum
1631 1390 1753 1453 cultum
1766 1397 1798 1452 et
1810 1412 1872 1452 ser-

460 1494 575 1558 vitium
587 1495 661 1569 Dei,
672 1496 760 1559 cuius
772 1494 975 1582 providentia
985 1494 1027 1559 ad
1039 1495 1132 1559 huius
1144 1496 1233 1581 regni
1250 1495 1349 1559 nostri
1362 1494 1615 1581 gubernaculum
1628 1515 1872 1581 promovemur;

460 1599 506 1661 Et
524 1597 612 1684 quod
636 1621 692 1662 nos
709 1597 820 1664 deceat
836 1599 983 1663 omnibus
1007 1600 1147 1664 honestis
1169 1598 1279 1663 mediis
1301 1598 1467 1686 providere
1488 1606 1526 1662 ut
1548 1597 1631 1661 scole
1652 1604 1686 1660 et
1708 1596 1871 1660 literarum

460 1702 569 1767 studia
579 1704 744 1789 erigantur
758 1711 792 1767 et
808 1726 962 1790 pauperes
978 1704 1064 1769 intra
1080 1705 1202 1768 dictum
1218 1711 1362 1767 nostrum
1380 1704 1518 1789 burgum
1535 1709 1766 1778 sustententur,
1782 1726 1819 1764 ac
1836 1709 1873 1765 nt

456 1807 610 1893 juventus
627 1807 719 1871 bonis
734 1808 875 1872 moribus
891 1815 924 1873 et
939 1809 1072 1872 scientia
1088 1808 1251 1872 literarum
1267 1817 1301 1873 et
1317 1809 1447 1872 virtutis
1463 1808 1654 1871 instituatur
1668 1813 1702 1870 et
1718 1806 1874 1869 formetur

461 1934 525 1974 non
540 1910 642 1975 solum
660 1918 697 1974 ut
712 1912 851 1975 serviant
866 1920 900 1976 et
919 1912 951 1975 in
969 1913 1145 1976 ministerio
1163 1911 1249 1976 verbi
1273 1912 1332 1975 Dei
1355 1912 1450 1976 utiles
1472 1913 1548 1989 sint,
1566 1910 1619 1974 scd
1645 1918 1681 1975 ut
1696 1910 1818 1972 habilia
1839 1916 1873 1973 et

462 2016 634 2078 necessaria
657 2015 723 2078 sint
751 2015 963 2079 instrumenta
987 2014 1027 2078 ad
1053 2016 1229 2080 utilitatem
1246 2023 1280 2079 et
1298 2015 1526 2101 rempublicam
1543 2013 1621 2078 dicti
1639 2015 1740 2076 nostri
1758 2012 1849 2098 burgi
1865 2039 1874 2085 ;

462 2120 578 2205 Igitur,
608 2140 680 2182 cnm
710 2118 908 2182 avisamento
934 2126 968 2183 et
994 2143 1146 2183 consensu
1174 2119 1346 2184 fidelissimi
1375 2119 1602 2204 consanguinei
1630 2118 1731 2182 nostri
1758 2116 1872 2180 Jacobi

462 2223 597 2287 Comitis
609 2222 649 2287 de
665 2224 820 2286 Mortoun
837 2221 959 2287 domini
975 2222 1016 2287 de
1031 2223 1186 2287 Dalkeith
1202 2224 1303 2287 nostri
1319 2247 1356 2287 ac
1371 2223 1459 2308 regni
1477 2229 1511 2285 ct
1522 2221 1676 2307 legiorum
1691 2230 1871 2284 nostrorum

462 2326 610 2410 regentis,
625 2349 662 2389 ac
684 2325 886 2390 dominorum
911 2327 1010 2390 nostri
1035 2328 1145 2391 secreti
1169 2327 1304 2404 consilii,
1319 2326 1475 2402 dedimus,
1490 2325 1699 2389 concessimus
1716 2347 1753 2387 ac
1775 2323 1874 2388 libere

460 2428 674 2516 disposuimus
703 2428 828 2493 dilectis
859 2430 975 2493 nostris
1000 2429 1139 2508 ballivis,
1154 2430 1336 2494 consulibus
1365 2437 1399 2494 et
1425 2428 1649 2492 communitati
1676 2427 1754 2491 dicti
1778 2427 1872 2513 burgi

463 2534 562 2596 nostri
576 2532 615 2597 de
625 2533 739 2619 Paslay
748 2557 785 2598 ac
796 2556 904 2597 eorum
918 2533 1146 2598 successoribus
1156 2535 1403 2621 imperpetuum,
1413 2533 1522 2597 omnia
1532 2539 1566 2595 et
1577 2531 1704 2618 singula
1715 2531 1874 2616 altaragia

462 2636 666 2723 capellarum,
679 2645 778 2700 terras
793 2645 827 2700 et
840 2660 982 2701 mansum
996 2637 1186 2725 subscripta,
1198 2639 1314 2714 linnas,
1324 2660 1447 2701 annuos
1458 2636 1602 2701 redditus
1618 2659 1671 2698 scu
1690 2642 1872 2722 proventus,

463 2741 605 2826 prolicua
629 2746 663 2803 et
686 2739 816 2804 devoria
837 2739 1020 2817 earundem,
1042 2764 1164 2804 annuos
1186 2740 1343 2818 redditus,
1366 2741 1549 2826 pittantiaS,
1565 2739 1730 2826 pecuniam
1755 2738 1873 2814 obitus,

463 2845 503 2908 lie
517 2842 588 2907 obit
603 2844 706 2919 silver,
721 2867 758 2907 ac
773 2842 902 2908 devoria
921 2845 1103 2909 communia
1118 2845 1248 2908 inferius
1264 2845 1455 2932 specificata,
1468 2844 1611 2930 jacentia
1626 2844 1710 2907 infra
1725 2842 1872 2927 burgum,

463 2947 644 3035 parochiam
661 2954 695 3012 et
710 2946 892 3013 libertatem
908 2947 948 3012 de
968 2948 1102 3035 Paslay;
1126 2947 1285 3025 videlieet,
1300 2947 1493 3034 altaragium
1509 2947 1689 3012 divinorum
1707 2947 1824 3009 Mirrin
1839 2953 1874 3009 et

463 3051 630 3129 Columbo,
644 3050 836 3137 altaragium
853 3050 918 3115 divi
936 3052 1079 3130 Niniani‚
1094 3052 1287 3138 altaragium
1304 3051 1377 3116 dive
1393 3052 1498 3115 Maria
1513 3051 1662 3136 Virginis,
1678 3049 1872 3135 altaragium

463 3155 529 3219 divi
543 3153 700 3230 Nicholai,
711 3155 903 3240 altaragium
916 3155 981 3219 divi
996 3156 1094 3233 Petri,
1106 3155 1298 3241 altaragium
1317 3155 1388 3220 dive
1400 3155 1587 3231 Katherine,
1596 3153 1787 3239 altamgium
1800 3151 1874 3217 dive

464 3262 570 3335 Anne,
585 3259 738 3345 capellam
754 3258 820 3323 divi
836 3259 939 3324 Rochi
956 3283 993 3323 ac
1008 3267 1128 3347 septem
1146 3261 1320 3347 perticatas
1335 3261 1375 3324 lie
1390 3258 1477 3323 rudis
1493 3265 1649 3322 terrarum
1665 3264 1724 3320 aut
1739 3280 1777 3320 eo
1791 3257 1875 3320 circa

463 3361 549 3425 dicte
574 3361 694 3449 capelle
718 3363 914 3449 pertinentes
935 3370 970 3428 et
994 3363 1177 3450 adjacentes
1196 3386 1330 3427 unacum
1356 3363 1531 3450 pittantiis,
1547 3362 1678 3449 pecunie
1701 3360 1820 3438 obitus,
1835 3362 1875 3425 lie

464 3466 535 3530 obit
546 3466 649 3543 silvcr,
658 3489 711 3530 seu
724 3467 956 3544 communibus,
966 3490 1028 3554 que
1039 3475 1136 3533 antea
1149 3491 1205 3555 per
1216 3467 1387 3531 monachos
1403 3467 1586 3530 monasterii
1599 3465 1639 3530 de
1653 3464 1764 3551 Paslay
1776 3464 1872 3528 levari

464 3578 497 3634 et
513 3571 632 3658 percipi
648 3580 886 3636 consueverunt.
936 3572 1068 3658 Insuper
1083 3595 1154 3635 cum
1171 3594 1322 3635 consensu
1338 3570 1504 3635 antedicto
1520 3571 1647 3634 unimus
1662 3577 1697 3633 et
1712 3570 1873 3655 incorpor-

464 3696 553 3737 amus
565 3675 673 3738 omnia
683 3682 717 3738 et
729 3674 856 3760 singula
866 3673 1012 3762 predicta
1020 3674 1189 3760 altsragia,
1199 3681 1309 3747 terras,
1320 3674 1485 3760 capellam,
1496 3696 1638 3738 mausum
1649 3673 1874 3759 suprascripta,

465 3779 580 3855 limnas,
601 3779 742 3865 prolicua
765 3794 799 3842 et
822 3778 951 3843 devoria
972 3778 1155 3854 eorundem,
1179 3800 1302 3841 annuos
1329 3777 1484 3856 redditus,
1505 3778 1688 3863 pittantias,
1706 3776 1872 3862 pecuniam

465 3881 572 3945 obitus
583 3904 620 3945 ac
629 3883 810 3945 communia
821 3903 875 3945 seu
887 3905 1068 3945 communes
1082 3881 1225 3945 redditus
1236 3882 1468 3968 suprascriptos
1481 3882 1512 3944 in
1527 3903 1623 3944 unum
1637 3903 1762 3967 corpus,
1771 3879 1872 3942 omni-

466 3985 524 4049 bus
547 3984 744 4071 temporibus
759 3985 886 4063 futuris,
902 3984 1123 4049 fundationem
1148 3992 1289 4048 nostram
1313 3983 1403 4048 Scole
1424 3983 1673 4069 grammaticalis
1697 3982 1737 4046 de
1761 3982 1872 4068 Paslay

465 4087 730 4174 nuncupandmn3
756 4091 805 4151 Ac
819 4089 917 4151 etiam
933 4112 1004 4152 cum
1020 4089 1217 4152 avisamento
1232 4088 1397 4154 antedicto
1414 4087 1558 4152 volumus
1574 4095 1607 4151 et
1622 4086 1822 4150 concedimus
1836 4110 1873 4149 ac

466 4216 524 4279 pro
539 4191 630 4256 nobis
645 4199 678 4255 et
694 4191 921 4255 successoribus
937 4193 1053 4255 nostris
1070 4216 1128 4279 pro
1144 4201 1300 4280 perpetuo
1315 4192 1511 4257 decernimus
1526 4199 1560 4255 et
1575 4191 1768 4268 ordinamus,
1785 4189 1871 4275 quod

465 4297 559 4360 unica
573 4296 676 4359 sasina
688 4295 783 4358 semel
800 4320 855 4382 per
866 4295 969 4360 dictos
985 4294 1119 4360 ballivos
1131 4304 1190 4360 aut
1204 4320 1312 4361 eorum
1329 4296 1466 4382 aliquem
1484 4294 1570 4382 apud
1588 4295 1761 4381 pretorium
1780 4293 1872 4379 burgi

464 4399 620 4463 antedicti
630 4406 776 4485 suscepta
789 4398 870 4462 adeo
887 4398 992 4463 valida
1006 4406 1040 4462 et
1054 4399 1208 4463 sufficiens
1223 4401 1285 4464 erit
1300 4400 1447 4464 omnibus
1463 4397 1662 4485 temporibus
1678 4399 1795 4462 futuris
1809 4398 1871 4461 acsi

466 4501 672 4589 particulares
694 4503 796 4565 sasine
817 4501 904 4589 apud
928 4502 1107 4588 quamlibet
1126 4509 1249 4589 partem
1273 4502 1513 4587 altaregiorum‚
1529 4509 1698 4576 terrarum,
1722 4501 1820 4564 mansi
1840 4507 1873 4563 et

464 4604 599 4669 aliorum
625 4606 911 4692 suprascriptorum
938 4613 1082 4692 suscepte
1112 4606 1255 4683 fuissent,
1282 4628 1346 4669 non
1373 4606 1523 4669 obstante
1550 4603 1690 4667 locorum
1717 4603 1874 4667 distantia

466 4717 564 4796 prout
586 4710 618 4772 in
640 4716 729 4773 carta
744 4715 853 4772 nostra
868 4708 1003 4795 desuper
1017 4710 1162 4772 confecta
1176 4707 1273 4772 latius
1288 4710 1480 4773 continetur.
1522 4707 1618 4771 Vobis
1634 4708 1825 4794 precipimus
1839 4714 1873 4770 et

467 4812 653 4876 mandamus
668 4819 825 4898 quatenus
842 4812 937 4876 dictis
952 4812 1088 4887 ballivis,
1104 4812 1285 4876 consulibus
1301 4819 1335 4875 et
1350 4812 1572 4875 conmnmitati
1592 4810 1639 4874 vel
1655 4833 1763 4873 corum
1779 4811 1874 4873 certis

465 4919 640 4981 actornatis
663 4915 818 4981 latoribus
842 4916 1035 5002 presentium
1058 4917 1193 4979 sasinam
1217 4917 1358 4980 omnium
1382 4924 1416 4979 et
1438 4914 1635 5000 singulorum
1656 4913 1871 5001 predictorum
