4412 5948
501 848 545 914 sl
863 845 1110 916 CHARTERS
1140 845 1238 915 AND
1268 843 1549 916 boemianus

501 1035 586 1102 inter
601 1043 701 1102 terras
722 1035 763 1102 de
785 1037 1003 1104 Oxschavbed
1029 1061 1066 1102 ac
1091 1038 1203 1103 silvam
1228 1037 1269 1103 de
1291 1039 1447 1103 Oxschaw
1470 1059 1592 1102 necnon
1613 1035 1749 1100 crottam
1774 1031 1909 1098 Roberti

501 1140 629 1206 Caveria
644 1147 788 1206 vocatam
812 1141 840 1206 le
860 1141 1048 1208 Scbrttbonle
1072 1166 1112 1207 ex
1135 1149 1227 1229 parte
1252 1141 1398 1221 australi,
1423 1147 1457 1206 et
1483 1147 1584 1206 terras
1609 1138 1650 1205 de
1673 1135 1849 1204 Snawdone
1873 1157 1911 1198 ac

501 1265 618 1330 aquam
641 1243 681 1309 de
705 1245 787 1309 Kert
808 1267 930 1309 necnon
956 1246 984 1311 lc
1009 1246 1138 1312 tolmm
1162 1244 1203 1310 de
1227 1243 1453 1310 Wardmedov
1478 1267 1518 1308 ex
1544 1251 1637 1331 parte
1662 1239 1821 1316 orientali,
1836 1238 1912 1304 etle

502 1347 681 1412 morctedik
702 1345 742 1411 de
766 1347 846 1412 Incb
871 1371 909 1412 ac
932 1371 1133 1413 communem
1159 1371 1294 1412 mossam
1323 1347 1364 1413 de
1390 1347 1518 1412 Pasleto
1541 1369 1581 1410 ex
1604 1352 1698 1433 parta
1722 1341 1854 1418 boreali,
1877 1346 1912 1406 et

501 1448 621 1514 dictam
638 1472 773 1514 mossam
793 1473 833 1515 ex
855 1458 948 1539 parte
970 1450 1173 1530 occidentali,
1195 1451 1343 1540 partibus
1368 1450 1411 1516 ab
1437 1473 1502 1514 una
1525 1456 1560 1515 et
1582 1447 1705 1522 altera;
1727 1469 1787 1535 pro
1801 1465 1910 1509 eorum

500 1554 661 1618 communi
676 1552 756 1618 dicti
772 1553 865 1642 burgi
882 1577 935 1620 εει]
947 1557 1108 1620 εοιιιιιιιιιιὶ
1125 1563 1258 1644 pastura
1269 1553 1455 1619 animalium
1468 1553 1626 1619 dictorum
1639 1549 1807 1639 prepositi,
1818 1546 1911 1614 balli-

501 1679 624 1738 vorum,
645 1657 851 1744 burgensium
873 1666 907 1723 et
930 1661 1172 1725 communitatis
1198 1682 1258 1747 pro
1281 1664 1440 1748 perpetuo
1465 1656 1679 1746 pomidendas.
1736 1657 1787 1718 Ac
1812 1652 1909 1718 etiam

500 1759 646 1826 dedimus
660 1769 694 1828 et
708 1763 915 1828 concessimus
930 1763 1064 1830 liberam
1079 1763 1243 1829 licentiam
1259 1770 1293 1829 et
1308 1769 1505 1851 potestatem
1528 1762 1604 1850 ipsis
1625 1759 1804 1847 Preposito‚
1819 1755 1911 1822 balli·

502 1864 560 1943 vis,
574 1864 784 1952 burgensibus
799 1873 833 1930 et
847 1867 1072 1933 communitati
1088 1875 1122 1932 et
1136 1868 1200 1931 suis
1215 1865 1446 1931 successoribus
1463 1865 1519 1951 qui
1543 1887 1603 1952 pro
1624 1871 1770 1949 tempore
1791 1859 1912 1924 fuerint

501 1966 543 2032 ad
558 1968 746 2034 lucrandum
761 1976 795 2035 et
814 1969 1004 2058 capiendum
1027 1994 1084 2036 sua
1110 1970 1226 2035 localia
1248 1971 1281 2035 in
1308 1969 1551 2057 quibuscunque
1575 1967 1693 2032 uostris
1715 1964 1847 2053 petasiis
1872 1961 1912 2026 de

502 2071 616 2160 Paslay
632 2095 691 2161 pro
705 2075 940 2139 sustentatione
955 2075 1096 2162 ipsorum
1115 2075 1286 2162 Prepositi‚
1311 2072 1514 2150 ballivorum,
1528 2071 1746 2157 burgensium,
1768 2074 1804 2132 et
1826 2089 1912 2130 com·

504 2176 673 2242 munitatis
687 2183 721 2242 et
736 2199 947 2242 successorum
964 2201 1092 2243 suorum
1109 2179 1358 2267 imperpetuum,
1369 2185 1403 2242 et
1417 2176 1460 2241 ad
1474 2174 1663 2240 lucrandum
1678 2179 1713 2237 et
1722 2168 1912 2258 capiendum

503 2277 626 2368 lapides
640 2279 681 2345 de
695 2281 812 2346 nostris
826 2280 984 2370 lapicidiis
999 2305 1059 2370 pro
1073 2283 1294 2347 construcione
1309 2288 1343 2345 et
1358 2280 1561 2346 edificatione
1575 2278 1654 2344 dicti
1678 2276 1771 2362 burgi
1792 2273 1913 2338 totiens

504 2383 654 2470 quotiens
676 2384 720 2448 eis
746 2383 857 2450 licebit
876 2384 1033 2471 (placebit
1046 2387 1074 2466 i)
1099 2387 1133 2451 in
1159 2386 1318 2462 futurum,
1343 2383 1519 2450 dummodo
1545 2389 1656 2447 nostra
1681 2377 1855 2444 necessaria
1879 2376 1913 2440 in

504 2485 620 2553 eisdem
636 2488 769 2576 petasiis
783 2495 817 2554 et
832 2488 991 2577 lapicidiis
1007 2489 1062 2555 ubi
1078 2489 1171 2554 nobis
1185 2489 1343 2578 placuerit
1357 2488 1539 2554 habeamus.
1585 2487 1632 2551 Et
1647 2485 1673 2549 si
1688 2483 1749 2571 ipsi
1769 2479 1913 2568 Preposi·

505 2597 569 2670 tus,
584 2589 707 2670 ballivi,
721 2591 892 2680 burgenses
906 2601 965 2658 aut
979 2594 1191 2658 communitas
1207 2592 1286 2658 dicti
1301 2592 1397 2679 burgi
1413 2591 1579 2656 inveniant
1600 2611 1655 2654 seu
1669 2588 1833 2654 lucrentur
1847 2606 1913 2649 car·

504 2693 673 2762 bonanum
689 2720 742 2762 εει]
758 2697 946 2763 carbonaria
960 2699 993 2762 in
1009 2721 1118 2763 eorum
1130 2698 1291 2763 communi
1306 2697 1387 2762 dicti
1402 2696 1510 2783 burgi,
1525 2695 1671 2759 volumus
1682 2699 1716 2758 et
1730 2690 1914 2756 ordinamus

505 2799 592 2888 quod
626 2822 684 2866 nos
712 2807 746 2865 et
771 2823 959 2866 successores
989 2801 1090 2866 nostri
1117 2801 1191 2867 inde
1220 2800 1393 2865 habeamus
1423 2806 1534 2864 nostra
1559 2797 1742 2872 necessaria,
1768 2790 1914 2858 faciendo

506 2923 658 2990 expensas
673 2924 767 2990 super
780 2900 959 2967 lucratione
973 2902 1053 2968 dicti
1069 2903 1248 2969 carbonarii
1263 2925 1317 2967 seu
1333 2901 1593 2967 carbonariomm
1610 2921 1669 2986 pro
1691 2903 1784 2986 parte
1806 2901 1915 2959 nostra

506 3004 590 3069 sicut
604 3004 664 3092 ipsi
681 3005 877 3092 Prepositus,
891 3003 1015 3083 ballivi,
1029 3004 1200 3092 burgenses
1223 3012 1257 3070 et
1279 3005 1491 3069 communitas
1513 3001 1592 3067 dicti
1615 2999 1710 3086 burgi
1734 3020 1791 3085 pro
1805 2999 1915 3061 eorunl

506 3114 599 3195 parte
622 3107 762 3194 ejusdem
788 3109 912 3173 faciunt
935 3131 989 3173 seu
1013 3109 1115 3173 facere
1141 3107 1311 3174 voluerint.
1357 3107 1492 3194 Insuper
1516 3105 1629 3171 damus
1655 3109 1690 3168 et
1715 3099 1915 3166 concedimus

507 3209 602 3274 dictis
624 3211 803 3298 Preposito,
826 3210 963 3288 ballivis,
984 3210 1196 3298 burgensibus
1220 3218 1254 3276 et
1280 3209 1503 3274 communitati
1527 3207 1606 3273 dicti
1631 3205 1724 3292 burgi
1748 3222 1915 3268 commune

508 3314 701 3400 passagium,
725 3337 766 3378 ex
791 3313 965 3379 latitudine
990 3314 1157 3379 duodecim
1185 3314 1331 3379 ulnarum
1359 3336 1398 3378 ex
1421 3312 1540 3377 boreali
1565 3317 1658 3398 parte
1682 3309 1782 3373 crucis
1806 3304 1915 3371 Sancti

508 3417 652 3496 Niniani,
663 3417 837 3483 extendens
851 3442 872 3482 a
885 3417 974 3483 dicta
989 3426 1081 3506 parte
1095 3426 1254 3484 terrarum
1265 3417 1441 3482 communis
1456 3415 1592 3503 predicti
1610 3436 1707 3500 usque
1722 3411 1764 3476 ad
1778 3410 1915 3475 alteram

510 3528 634 3609 partem
664 3520 844 3586 earundem.
904 3521 1092 3586 Tenendum
1123 3530 1157 3587 et
1185 3520 1368 3587 babendum
1398 3527 1505 3585 totum
1535 3525 1570 3584 et
1601 3518 1760 3602 integrum
1792 3513 1914 3579 dictum

510 3623 648 3712 burgum
672 3624 712 3689 de
737 3624 848 3712 Pasley
869 3625 903 3688 in
927 3623 1071 3703 baronia,
1094 3649 1166 3689 cum
1190 3625 1393 3704 tenementis,
1407 3620 1635 3700 mansionibus,
1650 3620 1741 3696 ortis,
1755 3617 1835 3682 acris
1851 3622 1913 3679 ter·

509 3751 628 3808 rarum,
643 3726 758 3792 bondis
772 3735 806 3792 et
822 3726 981 3792 limitibus
996 3728 1136 3814 ejusdem
1154 3750 1210 3816 per
1225 3751 1282 3793 nos
1300 3727 1416 3792 eisdem
1439 3725 1608 3812 assignatis
1630 3746 1684 3788 seu
1708 3717 1916 3807 assignandis,

509 3853 581 3896 cum
597 3830 756 3895 communi
773 3837 905 3916 pastura
918 3830 1104 3894 animalium
1121 3853 1215 3918 super
1230 3853 1364 3894 messam
1379 3836 1521 3894 nostram
1544 3826 1585 3892 de
1601 3823 1723 3910 Peslay,
1739 3829 1773 3888 et
1787 3821 1917 3886 licentia

509 3935 543 3999 in
559 3934 690 4021 petariis
704 3940 739 3999 et
753 3932 911 4020 lapicidiis
927 3933 1043 3997 nostris
1065 3934 1267 4020 supradictis,
1283 3935 1315 3998 iu
1336 3931 1539 4020 longitudine
1563 3936 1597 3995 et
1621 3926 1795 3992 latitudine
1818 3929 1917 4012 prout

505 4036 627 4124 jacent,
642 4035 737 4101 dictis
753 4036 933 4122 Preposito,
947 4035 1084 4117 ballivis,
1100 4036 1308 4123 burgensibus
1323 4043 1357 4101 et
1371 4033 1598 4101 communitati
1620 4029 1756 4120 predicti
1774 4027 1868 4113 burgi
1883 4031 1917 4091 et

510 4140 575 4204 suis
599 4137 827 4204 successoribus
853 4138 887 4202 in
913 4138 1091 4204 feodifirma
1116 4139 1308 4205 hereditarie
1333 4141 1582 4227 imperpetuum,
1606 4157 1663 4222 per
1684 4154 1792 4197 omnes
1816 4136 1917 4194 rectas

511 4250 612 4308 metas
626 4265 698 4306 suas
713 4247 747 4306 ct
761 4240 878 4306 divisas
893 4264 950 4329 per
964 4264 1021 4306 nos
1043 4241 1161 4307 eisdem
1180 4242 1335 4307 limitatas
1357 4264 1411 4306 seu
1433 4237 1638 4314 limitandas3
1661 4257 1733 4300 cum
1755 4237 1917 4321 potestate

511 4344 636 4410 emendi
659 4351 693 4409 et
720 4342 876 4409 vendendi
900 4345 934 4408 in
961 4345 1030 4433 ipso
1055 4345 1159 4432 burgo
1184 4348 1269 4424 vina,
1284 4367 1399 4422 ceram,
1413 4365 1556 4431 pannum
1581 4340 1708 4405 laneum
1731 4344 1766 4401 et
1787 4334 1917 4411 lineum,

511 4446 654 4536 amplum
669 4469 725 4512 seu
739 4453 857 4524 artum,
873 4453 907 4513 et
921 4470 1108 4536 quecunque
1123 4449 1187 4514 alia
1205 4449 1291 4514 bona
1310 4454 1344 4513 et
1368 4445 1574 4511 mercimonia
1595 4442 1671 4507 illuc
1692 4438 1918 4512 advenientia3

511 4574 582 4618 cum
610 4551 716 4639 parvis
742 4551 895 4615 custumis
921 4558 953 4617 et
983 4552 1154 4630 theloneis,
1177 4576 1214 4618 ac
1237 4576 1308 4617 cum
1336 4550 1483 4616 omnibus
1509 4549 1579 4612 aliis
1605 4552 1640 4611 et
1665 4541 1797 4631 singulis
1822 4540 1916 4606 liber-

512 4654 647 4731 tatibus,
687 4651 980 4731 commoditatibm,
1018 4655 1167 4741 proficuis
1203 4661 1237 4720 et
1273 4653 1468 4718 aisiamentis
1508 4674 1546 4714 ac
1582 4647 1679 4735 justis
1715 4642 1918 4732 pertinentiis

512 4755 754 4844 quibuscunque
768 4753 811 4819 ad
833 4752 955 4820 dictum
979 4755 1115 4844 burgum
1140 4756 1174 4821 in
1196 4756 1330 4822 baronia
1349 4751 1569 4842 spectantibus
1591 4772 1644 4814 seu
1667 4748 1755 4834 juste
1777 4751 1919 4831 spectare

513 4858 693 4924 valentibus
708 4857 742 4922 in
757 4857 924 4936 futurum3
947 4860 1028 4924 Cum
1045 4867 1206 4947 potestate
1222 4860 1392 4945 burgenses
1412 4865 1446 4921 et
1460 4853 1717 4941 stallangiatores
1732 4847 1868 4934 eligendi
1885 4853 1919 4910 et

513 4961 649 5028 faciendi
675 4960 845 5027 secundum
869 4963 1143 5044 consuetudinem,
1153 4963 1231 5051 jura
1252 4970 1286 5028 et
1308 4966 1434 5026 statuta
1455 4959 1630 5044 burgorum
1652 4954 1787 5040 desuper
1811 4951 1919 5026 facta3
