4412 5948
670 834 727 907 or
755 835 853 908 'rna
884 845 1046 908 sunau
1077 833 1134 908 or
1163 834 1367 908 Paratur.
1686 829 1727 908 19

317 1145 558 1211 7.—Donatr'oa
583 1148 628 1232 <ff
644 1147 806 1234 Regalitffi
829 1148 869 1232 by
891 1149 999 1212 James
1019 1149 1081 1224 ΙΙ.,
1103 1147 1198 1234 Kiag
1218 1148 1263 1233 of
1274 1146 1624 1220 Scuta-Enmsuaau,
1647 1142 1728 1208 luth

405 1251 560 1337 January‚
576 1253 670 1315 1451.

318 1453 463 1518 Donatio
477 1453 657 1540 regalitatis
673 1477 730 1542 per
743 1453 902 1519 Jacobum
918 1454 1090 1519 secundum
1105 1477 1212 1541 regem
1228 1455 1420 1519 Scotorum.⁷

318 1643 519 1707 JACOBUS
544 1644 606 1707 Dei
630 1643 739 1729 gratia
761 1666 817 1707 rex
838 1645 1004 1708 Scotorum
1022 1644 1171 1708 omnibus
1186 1644 1295 1731 probis
1317 1641 1501 1708 hominibus
1523 1642 1625 1708 totius
1647 1647 1731 1706 terre

318 1769 373 1810 sue
388 1746 508 1811 clericis
523 1754 557 1811 et
571 1745 660 1811 laicis
675 1747 820 1812 salutem.
866 1749 982 1812 Sciatis
997 1771 1054 1812 nos
1069 1748 1271 1836 approbasse,
1283 1748 1465 1825 ratificasse,
1476 1754 1510 1811 et
1519 1747 1580 1810 hac
1592 1744 1731 1833 presenti

318 1856 408 1914 carta
422 1857 531 1914 nostra
546 1850 758 1927 confirmasse,
774 1848 845 1914 illas
859 1850 1068 1916 donationem
1083 1859 1117 1916 et
1132 1851 1362 1915 concessionem
1379 1873 1458 1937 quas
1473 1848 1636 1936 quondam
1651 1869 1731 1911 sere·

320 1952 465 2016 nissimus
480 1953 627 2040 princeps
643 1952 805 2017 Robertus
821 1975 875 2017 rex
891 1955 1056 2018 Scotorem
1072 1954 1148 2018 fecit
1164 1953 1290 2019 Abbati
1306 1960 1340 2018 et
1361 1953 1531 2017 couventui
1548 1949 1731 2015 monasterii

319 2053 360 2119 de
375 2054 514 2132 Pasleto‚
529 2055 569 2119 de
591 2056 687 2120 certis
702 2057 806 2133 terris,
822 2055 1001 2120 redditibus
1015 2063 1049 2120 et
1066 2056 1313 2143 possessionibus
1336 2057 1368 2120 iu
1391 2055 1525 2120 baronia
1546 2054 1586 2119 de
1609 2051 1732 2118 Renfru

316 2157 509 2246 jacentibus,
535 2159 621 2223 infra
647 2159 903 2225 vicecomitatum
933 2159 974 2225 de
1000 2159 1140 2238 lunaris,
1163 2183 1285 2226 necnon
1306 2160 1347 2224 de
1372 2160 1476 2237 terris,
1498 2156 1678 2224 redditibus
1698 2162 1733 2221 et

320 2261 568 2349 possessionibus
580 2262 763 2349 jacentibus
778 2265 811 2328 in
828 2263 962 2330 baronia
977 2264 1016 2329 de
1029 2264 1112 2351 Kyle
1127 2265 1212 2329 infra
1226 2264 1483 2329 vicecomitatum
1499 2261 1540 2327 de
1554 2264 1633 2339 Are,
1647 2258 1733 2325 etde

320 2367 463 2453 quinque
479 2368 627 2432 marcatis
643 2374 726 2433 terre
741 2367 781 2432 de
797 2367 910 2448 Molle,
925 2368 1013 2433 etde
1032 2368 1183 2433 Huntlau
1202 2370 1235 2432 in
1258 2376 1345 2433 terra
1366 2366 1406 2432 de
1427 2365 1627 2442 Hasteudem
1649 2363 1734 2428 infra

321 2470 578 2535 vioecomitatum
601 2470 642 2535 de
663 2470 857 2556 Roxburgb,
872 2478 907 2536 et
928 2471 969 2536 de
991 2472 1084 2536 terris
1106 2471 1147 2537 de
1162 2471 1248 2536 Orda
1259 2470 1442 2559 jacentibus
1464 2469 1548 2535 infra
1569 2467 1733 2532 vicecomi-

320 2579 426 2637 tatum
443 2572 483 2637 de
497 2572 615 2653 Peblis‚
630 2574 663 2637 in
673 2596 770 2638 unam
783 2574 941 2660 integram
951 2573 1117 2639 baroniam
1126 2575 1269 2651 annexis,
1278 2597 1315 2638 ac
1326 2575 1359 2638 in
1371 2595 1486 2661 puram
1496 2580 1530 2638 et
1543 2578 1733 2659 perpetuam

321 2675 518 2740 elimosinam
534 2683 568 2742 et
588 2677 621 2740 in
637 2699 754 2741 meram
771 2676 973 2762 regalitatem
996 2701 1050 2742 seu
1073 2677 1224 2765 regaliam
1248 2677 1336 2743 dicto
1359 2677 1552 2742 monasterio
1573 2674 1652 2739 alias
1673 2696 1734 2762 pro

321 2786 478 2866 perpetuo
500 2779 585 2844 datis
608 2786 642 2845 et
664 2781 837 2856 concessis;
870 2782 918 2845 Et
939 2780 1093 2867 quasdam
1118 2781 1244 2845 litteras
1269 2779 1519 2845 confirmationis
1545 2776 1733 2842 serenissimi

322 2883 475 2970 principis
490 2882 630 2968 ejusdem
647 2883 810 2969 quondam
828 2884 963 2948 Roberti
980 2885 1073 2970 regis,
1088 2884 1293 2948 antecessoris
1305 2884 1417 2961 nostri,
1429 2883 1530 2947 factas
1542 2881 1733 2946 monasterio

322 2985 518 3073 supradicto,
533 2985 573 3050 de
587 2986 834 3073 approbatione,
849 2988 1063 3052 ratificatione
1078 2995 1113 3051 et
1126 2987 1368 3052 confirmatione
1384 2986 1595 3051 donationum
1610 2993 1645 3049 et
1659 3006 1733 3049 con·

321 3089 496 3153 cessionum
512 3112 592 3176 quas
607 3089 770 3176 quondam
786 3089 966 3155 Malcomus
981 3098 1015 3156 et
1030 3089 1210 3155 Malcomus
1225 3091 1357 3155 comitas
1372 3089 1412 3154 de
1428 3091 1575 3154 Levenax
1590 3089 1735 3153 fecerunt

322 3194 406 3268 Deo,
428 3192 525 3258 beato
551 3193 685 3270 Mirino,
708 3217 746 3257 ac
772 3193 897 3259 Abbati
925 3201 958 3258 et
984 3195 1154 3259 conventui
1183 3194 1367 3258 monasterii
1393 3193 1581 3281 supradicti,
1610 3199 1644 3258 et
1673 3190 1734 3278 ipsi

324 3296 527 3376 monasterio,
542 3296 583 3361 de
599 3297 690 3361 terris
705 3296 745 3361 de
761 3296 938 3385 Kilpatrilr,
953 3298 1178 3384 Cochyunacb‚
1193 3297 1233 3362 de
1255 3296 1502 3384 Edynbemane,
1516 3297 1556 3362 de
1572 3293 1735 3374 Bacblrau,

322 3399 362 3465 de
386 3399 593 3487 Fymbalane,
614 3399 655 3464 de
681 3402 897 3489 Drynycrene,
922 3400 963 3465 de
986 3400 1290 3487 Cragbrectholane,
1313 3400 1353 3464 de
1377 3398 1669 3479 Monanelrenrane,
1694 3397 1735 3463 de

323 3504 640 3591 Druncteyglunane,
655 3504 694 3569 de
717 3504 930 3592 Cultebuyne,
949 3505 990 3570 de
1013 3505 1232 3581 Dallefenane‚
1250 3505 1290 3570 de
1313 3503 1554 3581 Drurrcthoker,
1568 3504 1608 3570 de
1631 3505 1734 3590 Beyn-

322 3608 429 3697 foyde,
444 3616 478 3672 et
492 3608 532 3673 de
548 3609 797 3695 Drundynanys‚
813 3632 885 3674 cum
901 3611 1115 3695 pertinentiis,
1127 3609 1310 3696 jacentibus
1322 3610 1355 3674 in
1367 3610 1524 3674 comitatu
1536 3608 1576 3673 de
1587 3610 1736 3673 levenax

323 3711 407 3776 iufra
422 3711 680 3776 vicecomitatum
703 3711 743 3775 de
765 3712 988 3791 Dunbertane,
1012 3713 1044 3777 in
1068 3736 1164 3776 unam
1187 3711 1320 3776 liberam
1339 3719 1373 3776 et
1396 3713 1553 3797 integram
1569 3710 1736 3776 baroniam

322 3815 454 3879 annexis
480 3837 518 3878 ac
543 3813 677 3880 liberam
701 3814 905 3900 regalitatem
932 3817 1093 3880 concessis.
1154 3815 1323 3880 Tenendas
1348 3822 1382 3880 et
1405 3813 1567 3879 habendas
1590 3821 1677 3878 totas
1703 3820 1737 3879 et

323 3918 464 4004 integras
486 3918 627 4004 prefatas
649 3925 761 3998 terras,
783 3941 905 3983 necnon
929 3941 1037 3983 omnes
1056 3926 1090 3983 et
1112 3919 1252 4004 singulas
1269 3919 1418 3983 baronias
1440 3917 1649 4005 supradictas,
1664 3941 1736 3982 cum

324 4022 537 4108 pertinentiis,
553 4023 585 4085 in
598 4044 694 4086 unam
708 4045 825 4086 meram
836 4023 993 4108 integram
1007 4030 1041 4086 et
1049 4022 1182 4087 liberam
1194 4022 1371 4098 baroniam,
1380 4021 1546 4086 baroniam
1558 4020 1598 4085 de
1609 4020 1737 4086 Pasleto

324 4125 486 4212 perpetuis
500 4125 617 4191 futuris
633 4126 831 4213 temporibus
847 4126 1105 4214 nuncupandam,
1120 4126 1214 4191 dictis
1230 4125 1356 4190 Abbati
1372 4133 1406 4190 et
1426 4126 1597 4190 conventui
1613 4148 1737 4190 monas-

325 4229 396 4294 terii
412 4229 452 4293 de
467 4229 595 4294 Pasleto
610 4252 783 4316 eorumque
799 4230 1027 4295 successoribus
1041 4254 1078 4294 ac
1093 4231 1286 4294 monasterio
1301 4229 1496 4317 supradicto,
1511 4230 1544 4293 in
1567 4252 1681 4316 puram
1703 4236 1738 4295 et

324 4340 513 4420 perpetuam
536 4332 745 4412 elimosinam,
768 4357 806 4398 ac
828 4335 861 4399 in
888 4357 1007 4399 meram
1033 4334 1236 4420 regalitatem
1264 4356 1317 4397 seu
1334 4332 1498 4420 regaliam,
1523 4334 1557 4397 in
1584 4332 1679 4397 feodo
1704 4339 1739 4398 et

324 4435 504 4503 hereditate
519 4437 767 4525 imperpetuum,
782 4460 840 4524 per
854 4461 962 4502 omnes
977 4445 1080 4504 rectas
1096 4444 1197 4502 metas
1212 4461 1284 4502 suas
1299 4439 1450 4524 antiquas
1465 4443 1500 4502 et
1516 4436 1643 4514 divisas,
1658 4435 1738 4501 adeo

324 4540 434 4620 libere,
449 4541 568 4626 quiete,
583 4540 735 4629 plenarie,
751 4542 885 4627 integre,
899 4542 1084 4620 honorifice,
1106 4541 1187 4606 bene
1210 4550 1245 4606 et
1269 4543 1301 4607 in
1325 4565 1414 4629 paee,
1437 4564 1509 4605 cum
1533 4540 1681 4606 omnibus
1704 4547 1739 4606 et

324 4643 458 4729 singulis
483 4642 700 4722 libertatibus,
725 4644 1020 4725 commoditatibus,
1042 4646 1247 4732 aysiamentis
1273 4668 1311 4709 ac
1329 4645 1426 4731 justis
1449 4644 1652 4731 pertinentiis
1674 4644 1738 4707 suis

325 4742 577 4831 quibuscunque,
592 4727 675 4810 sicut
690 4744 796 4832 alique
812 4752 894 4812 terre
910 4746 1054 4811 redditus
1069 4754 1102 4811 et
1118 4747 1325 4834 possessiones
1340 4746 1373 4809 in
1397 4767 1516 4810 meram
1535 4744 1738 4832 regalitatem

544 4995 631 5066 ’Bag
647 4995 678 5050 de
693 4995 768 5063 Pas,
784 4998 827 5055 72.
867 4996 930 5066 Ray.
950 4996 1024 5066 May.
1040 4997 1108 5066 8229,
1124 4999 1189 5052 523.
1226 4997 1291 5052 Vol.
1308 4999 1470 5054 1423-1513.
