4412 5948
474 861 517 929 68
835 861 1080 924 Cnmrrrrns
1112 861 1208 923 AND
1239 859 1518 924 DOCUMEN'I'S

476 1048 606 1112 Domini
635 1046 760 1111 Claudii
793 1047 1082 1133 promptitudinem
1118 1049 1279 1133 animique
1309 1048 1507 1112 allectionem
1539 1045 1686 1111 stabilem
1717 1068 1793 1132 erga
1826 1068 1883 1110 uos

476 1159 720 1236 nostrorumque
764 1151 928 1213 seruitium
969 1153 1155 1237 linnamque
1198 1152 1229 1214 in
1276 1151 1423 1216 omnibus
1467 1151 1672 1236 omniumque
1708 1149 1881 1213 officiorum

475 1254 669 1328 huiusmodi,
691 1277 753 1338 que
767 1276 890 1316 smnma
914 1253 1078 1338 legalitate
1093 1261 1127 1318 et
1142 1254 1325 1318 obedientia
1341 1262 1496 1342 perpetuo
1511 1276 1737 1331 remansuram,
1753 1260 1790 1315 nt
1806 1253 1883 1315 satis

476 1358 568 1422 nobis
592 1380 772 1445 persuasum
797 1364 854 1435 est,
877 1381 898 1421 a
920 1359 1007 1442 regia
1028 1365 1138 1423 nostra
1154 1358 1321 1444 majestate
1345 1358 1481 1422 alienum
1509 1381 1574 1421 esse
1596 1357 1745 1421 duximus
1760 1357 1881 1421 dictum

478 1464 651 1525 Dominum
669 1461 837 1526 Claudium
855 1469 969 1526 ettam
986 1471 1114 1548 gratnm
1139 1487 1229 1526 snum
1253 1463 1439 1549 obsequium
1456 1463 1598 1549 pecuniis
1613 1462 1747 1550 plusque
1763 1461 1884 1525 meritis

475 1565 634 1643 fraudme,
656 1565 709 1628 sed
736 1573 775 1629 ut
795 1567 832 1628 iis
856 1565 965 1652 aliqua
991 1590 1029 1630 ex
1055 1575 1147 1652 parte
1171 1567 1357 1631 satisfecisse
1378 1566 1552 1643 videamur,
1571 1589 1637 1653 qno
1660 1566 1812 1653 majorem
1837 1564 1883 1628 illi

476 1670 668 1734 occasionem
688 1669 873 1756 prebeamus
885 1677 1069 1734 constanter
1083 1671 1115 1733 in
1130 1671 1286 1735 similibus
1302 1679 1335 1734 et
1348 1672 1447 1757 magis
1462 1670 1570 1735 arduis
1585 1677 1659 1757 post
1670 1669 1731 1734 hac
1746 1669 1884 1733 seruitiis

478 1773 664 1860 peragendis
682 1773 860 1859 procedere,
904 1777 954 1837 Ac
975 1782 1013 1837 ut
1031 1776 1130 1860 magis
1146 1774 1277 1838 idoueus
1295 1777 1326 1838 in
1344 1774 1525 1861 hujusmodi
1542 1798 1600 1862 pro
1616 1772 1780 1860 republica
1794 1773 1884 1858 regni

477 1878 576 1940 nostri
588 1877 696 1940 officiis
708 1876 889 1952 subeundis,
900 1886 937 1941 ut
947 1901 994 1941 res
1007 1885 1040 1941 et
1050 1886 1176 1964 tempus
1187 1879 1409 1964 postulaverit,
1418 1878 1585 1942 reddatur:
1614 1879 1696 1942 NOS
1710 1877 1885 1954 IGITUR‚

476 2004 512 2045 ac
529 2004 587 2066 pro
604 1980 763 2044 nonnullis
786 1980 856 2043 aliis
872 1982 972 2044 causis
987 1988 1020 2045 et
1035 1981 1342 2045 considerationibus
1365 2005 1422 2045 nos
1439 1983 1526 2068 juste
1541 1981 1583 2045 ad
1603 1982 1661 2045 hoc
1682 1980 1885 2044 mouentibus

476 2093 551 2173 post
562 2091 679 2148 etatem
692 2092 832 2148 nostram
846 2084 1037 2168 legittimam
1051 2094 1085 2150 et
1096 2086 1269 2173 perfectam
1281 2087 1396 2170 viginti
1409 2087 1502 2149 unius
1513 2109 1668 2148 annorum
1681 2084 1885 2171 completam,

478 2188 644 2263 Dedimus,
655 2189 871 2264 concessurus,
884 2189 1096 2274 disposuimus
1111 2197 1144 2253 et
1159 2191 1426 2265 conlirruauimus,
1441 2213 1477 2253 ac
1494 2197 1603 2253 tenore
1630 2189 1783 2276 presentis
1799 2195 1885 2252 carte

477 2298 584 2354 nostre
607 2313 665 2377 pro
689 2289 780 2353 nobis
803 2298 835 2353 et
859 2291 975 2354 nostris
997 2292 1235 2370 successoribus
1251 2294 1385 2368 Damus,
1400 2291 1611 2366 concedimus,
1631 2291 1830 2377 disponimus
1852 2297 1885 2353 et

477 2396 698 2459 confirmamus
715 2393 858 2481 predicto
875 2396 1016 2458 Domino
1032 2396 1167 2460 Claudio
1188 2397 1412 2460 Hammiltoun
1429 2404 1463 2460 et
1479 2395 1647 2460 heredibus
1661 2397 1724 2459 suis
1741 2393 1885 2458 masculis

477 2498 730 2583 quibuscumque
753 2521 925 2585 eorumque
947 2499 1116 2584 assignatis
1140 2499 1341 2576 hereditarie,
1362 2503 1480 2563 Omnes
1502 2507 1537 2563 et
1560 2498 1701 2584 singulas
1727 2497 1886 2585 predictas

478 2610 587 2680 terras,
618 2602 777 2678 baronias,
808 2599 1000 2676 molendina,
1032 2603 1197 2678 molturas,
1227 2602 1333 2680 siluas,
1360 2605 1560 2690 piscationes,
1592 2604 1741 2680 numeria,
1771 2609 1886 2677 castra,

478 2713 591 2782 turres,
607 2705 777 2782 fortalicia,
793 2704 955 2781 carbones,
970 2706 1167 2783 carbonaria,
1190 2705 1326 2792 burgum
1352 2707 1492 2783 baronia,
1515 2713 1709 2782 tenementa,
1731 2703 1886 2789 glebaria,

480 2811 519 2873 lie
545 2832 671 2884 mosses,
694 2831 817 2871 ammos
841 2807 995 2884 redditus,
1016 2809 1211 2893 regalitates,
1234 2809 1346 2886 officia,
1366 2809 1534 2895 priuilegia
1557 2807 1739 2884 earundem,
1765 2813 1799 2870 et
1822 2807 1887 2870 alia

481 2911 716 2998 particulariter
756 2911 946 2997 subscripta,
986 2936 1055 2976 cnm
1103 2912 1250 2976 omnibus
1287 2913 1350 2975 suis
1395 2912 1589 2986 tenentibus,
1626 2910 1813 2988 tenandriis‚
1852 2918 1887 2974 et

479 3015 577 3080 libere
598 3017 774 3080 tenentium
791 3016 941 3090 seruitiis,
957 3017 1064 3093 lirinis,
1080 3017 1176 3092 canis,
1188 3017 1352 3092 custumis,
1368 3015 1514 3092 devoriis,
1530 3016 1687 3104 partibus,
1701 3014 1886 3102 pendiculis,

479 3119 692 3207 pertiuentiis
715 3118 1009 3194 cormuoditatibus,
1031 3119 1161 3182 decimis
1187 3118 1381 3204 garbalibus,
1405 3121 1517 3183 subtus
1539 3119 1726 3206 specilicatis
1750 3117 1887 3192 inclusis,

479 3232 512 3287 et
534 3221 604 3286 aliis
628 3223 868 3308 ‹prilmscnnqne
898 3223 1084 3310 subscriptis
1106 3224 1147 3287 ad
1179 3224 1354 3310 predictam
1385 3223 1548 3287 abbaciam
1580 3246 1633 3286 seu
1660 3224 1885 3286 monasterium

476 3325 517 3391 de
540 3324 667 3390 Pusleto
698 3327 932 3413 pertinentibus
963 3351 1015 3390 seu
1038 3350 1100 3412 que
1130 3326 1171 3392 ad
1204 3327 1285 3391 idem
1319 3329 1544 3392 monasterium
1572 3333 1605 3389 et
1630 3327 1887 3412 partrimouium,

480 3429 617 3492 eiusdem
657 3429 867 3515 quouismodo
909 3431 1107 3517 temporibus
1144 3433 1311 3494 retroactis
1357 3433 1590 3516 pertinuerunt,
1629 3430 1707 3493 via:
1764 3431 1885 3494 Totum

480 3542 513 3596 et
551 3534 710 3618 integrum
751 3533 885 3618 burgum
924 3533 1055 3597 baronie
1092 3543 1124 3599 et
1164 3535 1341 3619 regalitatis
1377 3543 1411 3597 et
1450 3534 1556 3597 rillam
1587 3534 1627 3597 de
1665 3534 1777 3621 Paslay
1814 3555 1885 3596 cum

481 3638 572 3702 terris
609 3636 805 3722 burgalibus,
838 3638 929 3713 acris,
963 3638 1085 3716 croftis,
1121 3638 1322 3713 tenementis,
1361 3639 1468 3711 lirinis,
1504 3636 1688 3723 burgalibus
1725 3636 1887 3712 nundinis,

480 3740 567 3818 foris,
608 3739 787 3827 priuilegiis¹
826 3747 859 3804 et
893 3739 963 3802 aliis
1000 3739 1242 3824 quibuscunque
1286 3739 1402 3802 eisdem
1440 3739 1659 3826 spectantibus
1696 3747 1729 3802 et
1766 3741 1887 3827 pertin-

480 3843 619 3922 entibus,
636 3867 708 3906 cum
734 3850 894 3928 potestate
916 3844 1107 3930 prepositoS,
1122 3842 1266 3921 ballivos,
1290 3843 1465 3921 officiarios,
1492 3844 1617 3930 aliaque
1644 3844 1786 3908 membra
1807 3843 1886 3908 dicti

479 3946 572 4032 burgi
597 3946 636 4010 de
660 3946 784 4031 Paislay
808 3945 962 4030 elegendi,
979 3944 1116 4023 creandi,
1133 3945 1315 4009 remouendi
1339 3954 1372 4010 et
1394 3946 1564 4018 alterandi,
1579 3969 1615 4009 ac
1630 3946 1765 4010 liberum
1782 3947 1885 4010 lorum

481 4049 567 4112 intra
581 4047 703 4112 dictum
721 4047 857 4132 burgum
876 4046 1136 4133 bepdomadatim
1153 4047 1205 4111 die
1228 4048 1339 4112 Sabati
1363 4050 1510 4113 omuibus
1527 4047 1725 4133 temporibus
1740 4049 1888 4112 affuturis

481 4151 617 4216 habendi
631 4159 665 4214 et
675 4150 815 4226 tenendi,
829 4174 962 4214 nnacmn
976 4151 1111 4237 publicis
1124 4151 1275 4215 nundinis
1287 4151 1404 4215 ibidem
1419 4152 1467 4217 bis
1478 4151 1625 4238 quolibet
1633 4174 1718 4214 anno
1728 4152 1888 4226 tenendis;

482 4257 552 4332 via,
567 4255 668 4318 Semel
693 4255 839 4318 vicesimo
861 4257 977 4340 quinto
1000 4255 1051 4318 ‹lie
1075 4256 1189 4318 mensis
1211 4256 1305 4342 Julij,
1323 4263 1435 4319 vocata
1457 4255 1509 4318 die
1524 4255 1590 4318 dini
1607 4255 1720 4319 Jacobi
1736 4254 1888 4340 apostuli,

480 4367 513 4422 et
530 4367 639 4444 postea
655 4359 801 4420 vicesimo
813 4365 903 4421 sexto
915 4357 966 4420 dic
983 4359 1096 4420 mensis
1109 4358 1269 4434 Octobris,
1283 4367 1394 4422 vocata
1406 4358 1474 4421 dini
1489 4359 1632 4421 Marnoci
1646 4357 1708 4433 die,
1720 4359 1888 4421 annuatim

481 4460 628 4524 omnibus
645 4461 842 4547 temporibus
857 4461 1015 4538 affuturis,
1027 4483 1097 4523 cum
1111 4461 1258 4525 omnibus
1274 4461 1411 4538 teloniis,
1424 4462 1587 4536 custumis,
1599 4461 1785 4548 priuilegiis,
1799 4461 1889 4524 iuris-

480 4563 684 4641 dictionibus,
697 4562 979 4627 commoditatibus
991 4571 1024 4626 et
1040 4564 1297 4628 immunitatibus
1310 4564 1550 4650 quibuscunque
1562 4564 1603 4627 ad
1615 4563 1737 4628 dictum
1751 4564 1888 4650 burgum

481 4666 715 4753 pertinentibus
731 4689 784 4729 seu
799 4665 1011 4752 quouismodo
1027 4669 1207 4752 pertinuere
1224 4668 1403 4730 valentibus
1426 4667 1472 4730 rel
1488 4667 1529 4730 ad
1553 4690 1772 4752 quemcunque
1788 4668 1886 4731 alium

482 4771 620 4856 burgum
632 4769 762 4833 baronie
774 4771 857 4832 inira
868 4793 1000 4854 regnum
1014 4778 1178 4845 nostrum;
1199 4795 1235 4834 ac
1247 4773 1343 4833 etiam
1360 4779 1464 4835 totum
1478 4778 1512 4833 et
1529 4772 1687 4855 integrum
1705 4771 1888 4834 marresium

481 4897 533 4937 sen
549 4873 726 4958 glebarum,
742 4875 781 4938 lie
796 4897 877 4936 nross
892 4874 932 4936 de
949 4873 1084 4960 l'aislay‚
1100 4881 1200 4938 terras
1215 4873 1254 4938 de
1270 4873 1402 4937 Seidhill
1419 4897 1489 4936 cum
1508 4873 1690 4936 molendino
1705 4873 1889 4951 earundem,

483 4979 575 5043 terris
591 4977 838 5055 molendinariis,
855 4977 1013 5055 multaris,
1025 4979 1169 5064 sequelis,
1185 4986 1219 5042 et
1233 4980 1273 5042 lie
1288 4980 1466 5065 karrrffsrlqr
1481 4978 1632 5055 ciusdem,
1647 5001 1683 5042 ac
1707 4978 1890 5043 molendino
