4412 5948
714 921 771 983 OF
799 922 896 984 THE
927 922 1090 986 BURGH
1121 921 1178 985 OF
1208 923 1412 986 PAISLEY.
1756 925 1776 986 5

362 1191 577 1256 a-Charrer
590 1194 634 1278 (f
647 1193 765 1257 Walter
778 1215 836 1257 aon
850 1193 894 1277 <ff
899 1194 927 1256 A
932 1193 996 1268 bra,
1013 1193 1062 1256 the
1077 1195 1110 1256 F
1107 1194 1236 1268 eander,
1249 1194 1294 1278 ‘f
1298 1194 1403 1258 divers
1418 1194 1526 1257 Laude
1540 1194 1606 1257 und
1621 1194 1777 1258 Clurcltes

449 1317 486 1359 aa
501 1295 569 1359 well
581 1317 620 1359 on
637 1297 687 1360 tlae
701 1297 788 1360 oller
802 1297 867 1360 aide
881 1296 925 1380 of
931 1297 981 1359 tte
996 1297 1090 1360 Matr
1104 1319 1141 1360 ar
1155 1318 1196 1359 on
1211 1295 1481 1362 rtis-1165-7a

363 1482 462 1545 Carta
476 1480 615 1547 Walteri
633 1482 690 1546 lilii
706 1482 817 1561 Alani,
832 1481 1024 1559 fundatoris,
1039 1481 1080 1546 de
1101 1481 1233 1546 diversis
1248 1483 1340 1546 terris
1356 1490 1389 1547 et
1404 1482 1541 1546 ecclesiis
1556 1481 1692 1560 collatis,
1708 1490 1775 1548 tam

449 1586 530 1650 citra
545 1608 665 1650 moram
682 1608 779 1672 quum
793 1585 903 1650 ultra³

360 1741 619 1805 WALTERUS
635 1739 719 1804 lilius
738 1739 846 1817 Alani,
861 1740 987 1828 dapifer
1002 1741 1101 1826 Regis
1111 1741 1230 1817 scotie,
1244 1740 1397 1804 universis
1408 1748 1517 1806 sancte
1529 1741 1640 1806 matris
1649 1740 1777 1805 ecclesie

361 1842 434 1907 liliis
449 1843 566 1908 salutes
578 1850 645 1907 tam
661 1843 862 1931 presentibus
874 1866 970 1930 quam
986 1844 1113 1908 futuris.
1161 1844 1276 1908 Sciatis
1293 1866 1342 1906 me
1357 1842 1479 1908 dedisse
1494 1851 1528 1909 et
1543 1845 1728 1909 concessisse
1743 1852 1777 1910 et

360 1947 420 2011 hac
434 1955 524 2013 carta
539 1970 609 2012 mea
620 1948 820 2012 confirmasse
830 1949 901 2011 Deo
911 1956 946 2012 et
955 1950 1071 2011 Sancte
1082 1949 1186 2011 Marie
1196 1955 1230 2012 et
1239 1946 1366 2011 ecclesie
1376 1949 1486 2012 Sancti
1496 1948 1610 2013 Jacobi
1621 1955 1655 2012 et
1666 1949 1775 2014 Sancti

360 2052 474 2116 Mirini
498 2059 533 2116 et
555 2054 670 2117 Sancte
690 2051 888 2138 Myldburge
909 2051 950 2115 de
972 2051 1113 2116 Passelet
1133 2059 1167 2116 et
1189 2052 1292 2115 Priori
1309 2050 1450 2137 ejusdem
1473 2050 1534 2116 loci
1558 2059 1592 2116 et
1614 2053 1777 2117 monachis

360 2155 479 2220 ibidem
503 2158 574 2220 Deo
589 2155 799 2221 servientibus
815 2155 986 2220 secundum
1006 2156 1150 2220 ordinem
1166 2155 1417 2235 cluniacensem,
1431 2178 1490 2242 pro
1512 2157 1621 2220 anime
1642 2157 1776 2221 Henrici

360 2260 442 2346 regis
463 2259 593 2346 Anglie,
608 2267 642 2326 et
657 2283 716 2347 pro
736 2260 845 2324 anima
861 2259 968 2324 David
982 2261 1065 2345 regis
1080 2266 1114 2323 et
1129 2261 1211 2345 regis
1227 2259 1380 2323 Malcomi
1401 2266 1435 2324 et
1450 2261 1576 2324 comitis
1594 2261 1726 2324 Henrici
1742 2268 1776 2325 et

359 2371 591 2428 antecessorum
609 2386 750 2427 meorum
766 2363 1002 2441 defunctorum,
1017 2369 1051 2427 et
1066 2385 1126 2450 pro
1141 2363 1244 2426 salute
1259 2362 1381 2427 domini
1399 2365 1459 2427 mei
1476 2363 1620 2428 Wilelmi
1636 2365 1719 2450 regis
1741 2372 1776 2429 et

359 2466 467 2531 David
481 2467 591 2531 fratris
605 2466 684 2553 ejus,
700 2475 734 2532 et
750 2468 811 2531 mei
827 2474 861 2532 et
877 2467 983 2530 uxoris
999 2490 1067 2530 mee
1082 2474 1117 2531 et
1132 2466 1284 2530 heredum
1297 2489 1451 2546 meorum,
1463 2467 1495 2531 in
1510 2474 1697 2554 perpetuam
1713 2467 1775 2532 ele-

359 2571 525 2648 mosinam,
548 2578 583 2635 et
608 2570 650 2635 ab
677 2572 765 2635 omni
791 2571 921 2634 servitio
950 2570 1118 2657 temporali
1148 2569 1282 2635 liberam
1305 2577 1339 2634 et
1360 2571 1515 2656 quietam,
1543 2570 1704 2634 ecclesiam
1735 2571 1775 2635 de

359 2675 530 2762 Ennyrwic
545 2697 616 2739 cum
632 2674 780 2739 omnibus
795 2675 999 2762 pertinentiis
1014 2675 1098 2750 suis;
1120 2675 1167 2739 Et
1190 2673 1406 2737 molendinum
1424 2673 1464 2739 de
1480 2676 1650 2761 Ennyrwic
1666 2681 1773 2740 toturn

359 2786 466 2864 preter
480 2801 575 2842 unam
593 2801 729 2843 marcam
745 2779 871 2865 argenti
887 2801 984 2864 quam
1000 2777 1074 2841 dedi
1091 2778 1122 2841 in
1139 2801 1177 2841 eo
1193 2777 1336 2841 Radulfo
1353 2777 1393 2842 de
1409 2780 1519 2854 Kent;
1541 2773 1589 2842 Et
1611 2778 1774 2843 ecclesiam

358 2881 398 2947 de
413 2881 651 2968 ledgerdwode
666 2906 737 2946 cum
754 2883 879 2946 omibus
895 2882 1098 2968 pertinentiis
1115 2881 1199 2958 suis;
1222 2883 1270 2945 Et
1293 2903 1388 2944 unam
1412 2889 1609 2945 carrucatam
1633 2889 1718 2946 terre
1740 2883 1773 2946 in

358 2985 567 3050 Hastendene
581 3009 679 3071 quam
695 2987 802 3050 tenuit
817 2985 981 3049 Walterus
996 2983 1179 3071 capellanus
1193 3006 1251 3071 per
1265 2983 1388 3048 easdem
1405 2983 1522 3048 divisas
1537 3007 1595 3071 per
1609 3007 1689 3071 quas
1704 3007 1773 3050 eam

358 3090 486 3164 tenuit;
508 3091 556 3154 Et
577 3089 739 3153 ecclesiam
763 3089 803 3154 de
824 3088 966 3154 Katkert
987 3111 1059 3152 cum
1083 3087 1231 3152 omnibus
1251 3089 1455 3174 pertinentiis
1476 3089 1562 3162 suis;
1595 3091 1643 3154 Et
1665 3111 1774 3153 omnes

357 3193 499 3258 ecclesias
514 3193 554 3258 de
570 3193 788 3280 Stragrilcum
801 3192 950 3257 omnibus
961 3193 1163 3280 pertinentiis
1173 3193 1246 3270 suia
1257 3201 1391 3279 excepta
1403 3191 1531 3256 ecclesia
1541 3191 1581 3257 de
1591 3193 1748 3257 Inchinan
1764 3220 1773 3269 ;

356 3299 403 3363 Et
418 3297 506 3362 illam
522 3306 720 3362 carrucatam
739 3305 831 3374 terre,
846 3320 943 3384 quam
961 3295 1141 3361 Grimketel
1158 3297 1264 3362 tenuit
1277 3319 1333 3384 per
1348 3296 1472 3361 easdem
1488 3295 1606 3361 divisas
1621 3320 1678 3384 per
1693 3320 1772 3383 quas

357 3423 424 3465 eam
442 3401 568 3473 tenuit;
590 3402 637 3465 Et
651 3400 681 3463 lc
697 3401 787 3487 Drep
803 3423 873 3463 cum
890 3398 1039 3463 omnibus
1053 3400 1258 3485 pertinentiis
1277 3400 1340 3462 suis
1356 3400 1389 3462 in
1405 3399 1498 3463 terris
1513 3406 1547 3463 et
1562 3399 1595 3463 in
1610 3401 1702 3485 aquis
1719 3423 1774 3486 per

356 3502 479 3567 easdem
504 3503 620 3567 divisas
642 3502 758 3587 quibus
777 3501 945 3565 Wilelmus
960 3501 1048 3566 illam
1072 3502 1198 3575 tenuit;
1221 3503 1269 3566 Et
1291 3501 1452 3565 ecclesiam
1476 3501 1516 3566 de
1538 3501 1678 3566 Passelet
1701 3524 1773 3566 cum

357 3607 504 3672 omnibus
515 3607 718 3694 pertinentiis
734 3607 798 3670 suis
809 3633 817 3680 ;
840 3609 888 3671 Et
902 3607 981 3670 duas
993 3613 1173 3670 carrucatas
1185 3612 1269 3670 terre
1280 3614 1477 3670 mensuratas
1489 3613 1523 3670 et
1534 3606 1772 3692 perambulatas

356 3712 439 3774 cirea
453 3733 569 3796 aquam
587 3710 668 3773 Kert
679 3711 778 3796 juxte
789 3709 950 3773 ecclesiam
964 3735 973 3783 ;
995 3710 1042 3774 Et
1058 3708 1146 3772 illam
1157 3716 1274 3773 terram
1287 3709 1374 3774 ultra
1387 3711 1468 3774 Kert
1479 3731 1519 3772 ex
1530 3716 1623 3795 parte
1634 3710 1772 3773 nemoris

356 3837 453 3900 quam
468 3836 528 3899 ego
550 3821 584 3878 et
608 3813 731 3878 Alanus
754 3813 838 3876 lilius
862 3835 948 3876 meus
972 3813 1016 3875 eis
1040 3811 1330 3898 perambulavimus
1353 3835 1409 3899 per
1430 3811 1554 3876 easdem
1578 3811 1693 3876 divisas
1715 3835 1774 3899 per

356 3939 436 4003 quas
456 3939 524 3979 eum
548 3939 620 3980 curn
643 3915 753 4003 probis
775 3914 960 3978 hominibus
983 3914 1296 4002 perambulavimus;
1319 3915 1366 3978 Et
1381 3913 1468 3977 illam
1485 3916 1666 4001 portionem
1689 3923 1772 3981 terre

356 4043 419 4106 que
433 4026 482 4084 est
497 4019 557 4083 sub
572 4020 763 4084 dormitorio
778 4019 1027 4095 monachorum
1050 4019 1097 4082 Et
1113 4025 1216 4083 totam
1234 4025 1351 4081 terram
1367 4027 1463 4104 q'uam
1481 4019 1587 4083 tenuit
1609 4018 1716 4083 Scerlo
1737 4026 1772 4083 et

356 4146 414 4212 per
428 4123 554 4187 easdam
569 4122 698 4199 divisos,
712 4145 784 4186 cum
808 4123 948 4185 maisura
968 4144 1063 4208 super
1082 4144 1194 4209 rupem
1216 4120 1271 4184 ubi
1287 4120 1361 4184 aula
1376 4144 1446 4185 mea
1460 4128 1530 4185 erat
1545 4120 1702 4198 lundata3
1724 4124 1772 4188 Et

356 4234 461 4292 totam
489 4226 622 4290 insulam
646 4226 744 4312 juxta
772 4226 928 4312 oppidum
953 4249 1056 4289 meum
1081 4224 1121 4289 de
1143 4225 1266 4288 Renfru
1290 4247 1362 4288 cum
1386 4225 1546 4311 piscatura
1569 4227 1654 4289 inter
1669 4226 1769 4310 ipsam

356 4330 492 4395 insulam
508 4337 542 4396 et
557 4331 714 4404 Pertbec;
737 4332 783 4394 Et
799 4352 896 4393 unum
910 4329 1030 4393 toltum
1047 4328 1225 4416 plenarium
1238 4329 1270 4392 in
1287 4328 1429 4404 Renlru;
1452 4329 1498 4392 Et
1509 4328 1675 4394 dimidiam
1688 4353 1771 4394 mar-

355 4458 423 4498 cam
439 4435 565 4520 argenti
580 4433 620 4498 de
636 4433 727 4496 firma
742 4433 841 4520 ipsius
858 4432 950 4518 burgi
966 4432 1008 4497 ud
1025 4433 1180 4496 luminare
1195 4432 1342 4508 ecclesie;
1364 4433 1411 4498 Et
1433 4454 1532 4495 unum
1555 4439 1623 4496 rete
1645 4432 1686 4496 ad
1709 4434 1770 4498 sal·

356 4560 502 4613 monem;
527 4539 574 4602 Et
601 4536 817 4601 molendinum
845 4535 885 4600 de
911 4538 1057 4611 Renfru;
1087 4538 1133 4601 Et
1160 4544 1279 4600 terram
1303 4535 1357 4600 ubi
1382 4537 1527 4600 monachi
1551 4537 1640 4622 prius
1661 4537 1770 4602 hubit-

354 4649 511 4712 averunt:
533 4643 581 4706 Et
596 4640 683 4705 illam
700 4648 897 4705 carrucatam
914 4648 997 4705 terre
1012 4663 1074 4728 que
1089 4647 1138 4704 est
1159 4642 1244 4704 inter
1266 4642 1349 4704 Kert
1371 4647 1404 4703 et
1428 4640 1506 4704 Gril
1515 4667 1523 4716 ;
1546 4641 1593 4706 Et
1608 4641 1768 4706 ecclesiam

354 4745 395 4810 de
409 4746 558 4811 Prestwic
573 4769 644 4810 cum
661 4753 734 4809 tota
749 4753 835 4809 terra
849 4744 905 4808 illa
920 4768 1016 4832 quarn
1033 4744 1240 4810 Dovenaldus
1255 4745 1339 4809 filius
1355 4745 1467 4808 Yweui
1480 4745 1524 4808 eis
1535 4744 1770 4831 perambulavit

355 4851 440 4915 inter
461 4857 578 4915 terram
602 4850 739 4912 Simonis
763 4849 915 4913 Loccardi
938 4856 972 4913 et
995 4857 1113 4913 terram
1136 4849 1175 4912 de
1207 4850 1356 4913 Prestwic
1382 4871 1482 4935 usque
1506 4848 1713 4937 Pulprestwic
1735 4858 1770 4916 et

920 5083 931 5116 ³
944 5081 1008 5155 Rey.
1024 5081 1055 5135 de
1070 5081 1159 5150 Pasa,
1174 5083 1198 5136 5.
