4412 5948
468 847 489 907 8
717 885 719 890 -
835 845 1080 908 CHARTERS
1111 845 1208 908 AND
1238 845 1517 908 DOCUMENTS

468 1117 800 1203 4.—'l'rouanmptby
823 1119 909 1204 Pope
933 1117 1068 1181 Clamant
1092 1119 1114 1180 1
1120 1119 1147 1180 V.
1174 1116 1278 1201 ryall
1300 1079 1350 1180 tha
1374 1116 1542 1189 Cborcbea
1566 1116 1675 1180 Lorrde
1700 1116 1767 1180 aad
1791 1115 1879 1180 other

596 1221 774 1307 Prtvilagra
788 1220 962 1308 belonging
975 1229 1006 1283 to
1021 1221 1070 1284 tlte
1085 1221 1272 1305 ollonoatcry
1286 1221 1331 1305 of
1338 1219 1629 1305 &islep-Runa,
1646 1218 1752 1284 1265.¹

466 1407 734 1494 Transsumptum
765 1407 938 1472 Clementis
967 1430 1050 1494 pape
1078 1407 1199 1493 quarti,
1236 1407 1377 1471 omnium
1416 1405 1629 1485 ecclesiarum,
1658 1413 1816 1472 terrarum
1845 1412 1879 1470 et

552 1509 688 1575 aliorum
710 1510 962 1598 privilegiorum,
980 1511 1055 1575 etc*

467 1659 679 1725 CLEMENS
701 1662 868 1749 episcopus
890 1684 995 1724 servus
1018 1683 1178 1724 servorum
1202 1661 1264 1724 Dei
1291 1660 1417 1726 dilectis
1439 1660 1513 1724 filiis
1535 1659 1662 1725 Abbati
1685 1659 1879 1724 Monastcrii

467 1765 576 1828 Sancti
592 1763 707 1828 Jacobi
722 1772 756 1830 et
771 1765 880 1829 Sancti
897 1765 1010 1828 Mirini
1026 1764 1211 1829 confessoris
1226 1763 1267 1829 de
1281 1763 1422 1830 Passelet
1437 1764 1545 1850 eisque
1559 1763 1714 1830 fratribus
1725 1770 1791 1829 tarn
1808 1787 1879 1852 pre-

466 1867 609 1932 sentibus
632 1891 728 1954 quarn
753 1868 872 1934 futuris
898 1867 1074 1953 regularem
1102 1869 1203 1932 vitam
1224 1867 1372 1956 professis
1390 1869 1636 1956 imperpetuum.
1682 1867 1878 1954 Religiosam

467 1971 566 2034 vitam
589 1969 787 2056 elegentibus
810 1971 1022 2058 apostolicum
1047 1973 1197 2036 convenit
1218 1970 1327 2036 adesse
1349 1971 1522 2060 presidium
1546 1994 1586 2036 ne
1608 1971 1692 2036 forte
1707 1970 1880 2057 cujuslibet

465 2075 657 2139 temeritatis
680 2075 822 2138 incursus
843 2082 902 2138 aut
924 2098 977 2138 cos
999 2099 1019 2139 a
1041 2076 1209 2162 proposito
1224 2082 1351 2141 revocet
1372 2083 1431 2141 aut
1445 2074 1553 2154 robur,
1568 2074 1657 2161 quod
1675 2074 1771 2153 absit,
1793 2097 1880 2139 sacre

465 2177 628 2264 religionis
643 2178 809 2264 infringat.
856 2181 1056 2270 Eapropter
1070 2178 1181 2243 dilecti
1196 2180 1229 2243 in
1246 2180 1385 2244 Domine
1407 2179 1477 2256 filii,
1491 2179 1605 2243 vestris
1623 2178 1721 2265 justis
1735 2177 1879 2266 postula-

465 2280 609 2346 tionibus
624 2281 797 2347 clementer
811 2283 993 2360 annuimus,
1007 2291 1042 2346 et
1057 2283 1285 2348 monasterium
1302 2284 1412 2348 Sancti
1427 2282 1542 2348 Jacobi
1557 2282 1696 2369 apostoli
1713 2289 1747 2346 et
1769 2283 1878 2348 Sancti

466 2386 579 2450 Mirini
594 2385 779 2450 confessoris
794 2385 834 2451 de
849 2385 1001 2464 Passelct,
1016 2385 1222 2472 Glasguensis
1238 2386 1381 2466 diocesis,
1393 2387 1425 2451 in
1441 2410 1506 2473 quo
1517 2386 1629 2450 divino
1640 2387 1716 2452 estis
1725 2385 1879 2472 obsequio

465 2491 651 2576 mancipati,
666 2489 726 2555 sub
748 2489 835 2554 beati
858 2490 945 2554 Petri
967 2490 1107 2578 apostoli
1130 2499 1164 2556 et
1186 2499 1296 2556 nostra
1318 2492 1518 2577 protectione
1533 2490 1736 2578 suscepimus,
1751 2497 1785 2556 et
1807 2513 1878 2577 pre·

464 2594 562 2658 sentis
577 2594 688 2681 scripti
713 2594 881 2681 privilegio
903 2595 1157 2658 communimus:
1181 2596 1220 2658 In
1235 2595 1347 2682 primis
1362 2595 1519 2680 siquidem
1535 2601 1730 2659 statutentes
1746 2601 1783 2658 ut
1798 2593 1877 2658 ordo

465 2698 669 2777 monasticus,
683 2697 739 2784 qui
763 2696 935 2762 secundum
963 2699 1067 2762 Deum
1092 2723 1129 2762 ac
1152 2697 1239 2763 beati
1264 2698 1429 2763 Benedicti
1456 2698 1599 2784 regulam
1624 2705 1724 2785 atque
1747 2698 1876 2762 institu-

465 2801 584 2866 tionem
602 2801 856 2865 Cluniacensium
880 2800 1016 2867 fratrum
1033 2803 1066 2866 in
1086 2801 1197 2866 eodem
1215 2803 1408 2867 monasterio
1424 2803 1594 2867 institutus
1609 2824 1675 2876 esse
1690 2799 1877 2881 dinoscitur,

464 2905 627 2992 perpetuis
641 2903 761 2969 ibidem
785 2904 983 2991 temporibus
1005 2905 1236 2972 inviolabiliter
1258 2906 1454 2971 observetur.
1501 2907 1652 2970 Pretcrea
1672 2927 1877 2992 quascunque

464 3009 683 3095 possessiones,
712 3030 900 3095 quecunque
930 3008 1015 3073 bona
1046 3008 1129 3073 idern
1161 3011 1387 3073 monastcrium
1420 3009 1697 3096 impresentiarum
1724 3009 1814 3094 juste
1843 3016 1877 3073 ct

463 3113 613 3176 canonice
628 3111 770 3198 possidet
784 3119 843 3176 aut
858 3113 890 3175 in
907 3113 1064 3191 futurum,
1079 3115 1278 3178 concessione
1292 3114 1495 3200 pontificum,
1510 3112 1683 3199 largitione
1701 3135 1811 3198 regum
1827 3111 1877 3176 vel

464 3217 655 3304 principum,
671 3216 835 3280 oblatione
851 3215 1004 3294 fidelium,
1019 3241 1073 3281 seu
1089 3217 1160 3281 aliis
1171 3216 1269 3303 justis
1284 3218 1387 3282 modis
1410 3225 1575 3305 prestante
1597 3218 1739 3281 Domino
1754 3217 1877 3304 poterit

462 3318 608 3407 adipisci,
638 3319 729 3382 firma
759 3319 848 3383 vobis
877 3320 1053 3406 vestrisque
1082 3319 1311 3386 successoribus
1340 3329 1375 3386 et
1405 3320 1533 3385 illibata
1563 3327 1781 3406 permaneant.
1837 3323 1875 3384 In

462 3422 579 3509 quibus
595 3422 652 3487 bec
668 3423 804 3509 propriis
819 3421 968 3486 duximus
983 3423 1190 3510 exprimenda
1205 3423 1387 3499 vocabulis3
1410 3425 1531 3488 Locum
1547 3425 1651 3510 ipsum
1675 3423 1789 3510 inquo
1805 3447 1875 3511 pre-

462 3527 565 3590 latum
582 3528 808 3591 monasterium
825 3527 924 3591 situm
939 3535 987 3591 est
1002 3550 1072 3591 cum
1086 3528 1235 3593 omnibus
1249 3529 1453 3615 pertinentiis
1476 3528 1562 3603 suis;
1584 3529 1631 3591 Et
1653 3527 1811 3614 capellam
1834 3526 1875 3592 de

463 3629 672 3716 Lockwynoc,
688 3653 758 3694 cum
776 3631 979 3718 pertinentiis
994 3631 1079 3706 suis;
1102 3631 1142 3696 de
1157 3633 1330 3719 Innerwyc,
1346 3633 1386 3697 de
1400 3630 1597 3719 Lygadwod,
1612 3630 1652 3695 de
1671 3633 1820 3708 Katcart,
1835 3630 1874 3695 de

462 3734 646 3820 Rughglen,
662 3733 701 3799 de
717 3735 928 3812 Curmannoc,
943 3734 983 3799 de
999 3734 1118 3812 Polloc,
1133 3735 1174 3799 de
1189 3737 1342 3814 blerness,
1365 3736 1405 3800 de
1431 3735 1590 3813 Ncilston,
1609 3733 1650 3798 de
1677 3734 1874 3821 Kylberhan‚

462 3838 502 3903 de
518 3837 684 3917 Hestwod‚
699 3837 739 3901 de
756 3839 924 3916 Howston,
939 3837 979 3902 de
995 3837 1166 3924 Kylbelan,
1181 3839 1221 3903 de
1245 3837 1407 3926 Harskyn,
1423 3838 1463 3903 de
1480 3838 1693 3926 Kylmacolm,
1709 3837 1749 3902 de
1764 3839 1872 3902 Inner-

462 3942 539 4029 kyp,
553 3940 594 4005 de
609 3942 757 4028 Largyss,
773 3940 812 4006 de
827 3942 977 4006 Prestwic
991 3941 1107 4027 burgo,
1122 3942 1161 4006 de
1177 3942 1279 4007 altera
1295 3944 1454 4022 Prcstwic,
1469 3942 1509 4007 de
1532 3944 1671 4028 Cragyn,
1686 3941 1726 4005 de
1748 3942 1871 4006 Turne-

460 4045 550 4132 bery,
564 4045 604 4109 de
626 4044 836 4124 Dundonald,
858 4043 898 4109 de
921 4044 1093 4122 Schanher,
1115 4045 1155 4110 de
1179 4045 1376 4132 Haucynlec,
1392 4045 1432 4110 de
1454 4045 1641 4132 Kylpatrik,
1657 4045 1698 4110 de
1720 4045 1818 4132 Neyt,
1833 4044 1873 4109 de

462 4149 635 4235 Kyllynan,
658 4146 698 4212 de
728 4146 903 4234 Kylkeran,
932 4155 966 4212 et
996 4149 1105 4212 Sancti
1136 4150 1312 4214 Colmancli
1339 4148 1379 4213 de
1409 4148 1586 4236 Scybinche
1614 4149 1769 4226 ecclesias,
1799 4171 1870 4212 cum

462 4251 600 4338 capellis,
625 4251 718 4314 terris
747 4259 782 4316 et
810 4251 881 4315 aliis
905 4252 1109 4340 pertinentiis
1134 4253 1327 4329 earundem;
1362 4251 1524 4339 Capellam
1551 4251 1591 4315 de
1621 4252 1758 4338 Kylrnor
1782 4252 1870 4339 apud

461 4353 693 4440 Kenlochglipe
717 4377 788 4418 cum
812 4355 1017 4442 pertinentiis
1041 4355 1125 4426 suis;
1147 4356 1195 4419 Et
1220 4363 1337 4419 terram
1364 4378 1435 4419 curn
1459 4355 1663 4446 pertinentiis
1686 4355 1750 4418 suis
1772 4377 1870 4441 quam

425 4473 428 4484 '
461 4455 623 4545 quondam
639 4458 814 4521 Duncanus
829 4457 912 4521 lilius
926 4456 1120 4521 Ferkchardi
1137 4465 1170 4520 et
1183 4459 1337 4522 Lauinam
1347 4459 1599 4542 consanguineus
1611 4458 1710 4544 ipsius
1723 4458 1871 4522 Duncani

462 4559 654 4625 monasterio
676 4566 782 4625 vestro
805 4559 1012 4624 contulerunt
1033 4559 1175 4634 ibidem;
1198 4561 1244 4625 Et
1267 4567 1370 4625 totam
1394 4560 1482 4624 illam
1507 4568 1703 4646 terramque
1721 4561 1810 4646 jacet
1832 4584 1872 4625 ex

460 4672 598 4750 utraque
612 4671 706 4751 parte
720 4663 759 4728 dc
774 4665 858 4729 Kert
872 4686 954 4749 aque
969 4664 1052 4728 sicut
1067 4662 1231 4749 quondam
1247 4662 1411 4726 Walterus
1428 4662 1511 4726 filius
1526 4663 1626 4726 Alani
1636 4663 1763 4750 dapifer
1772 4665 1870 4750 Regis

461 4767 576 4844 Scotie‚
592 4765 746 4832 fundator
761 4766 944 4830 monasterii
961 4765 1069 4842 vestri,
1085 4764 1145 4850 ipsi
1161 4765 1354 4829 monasterio
1370 4765 1509 4830 contulit
1532 4767 1587 4852 pia
1609 4764 1801 4842 devotione;
1823 4768 1870 4832 Et

1017 4989 1100 5065 ⁴ch
1116 4991 1147 5044 cle
1161 4991 1237 5059 Pac,
1252 4993 1313 5047 308.
