4412 5948
673 810 731 874 OF
759 811 857 875 THE
887 811 1051 875 BURGH
1083 810 1140 874 OF
1169 811 1375 876 PAISLEY.
1694 815 1734 877 11

320 999 377 1065 Ad
391 1000 449 1064 hec
470 1021 569 1064 novas
590 1005 625 1064 et
650 997 810 1064 indebitas
836 998 1017 1062 exactiones
1043 996 1086 1063 ab
1111 997 1357 1087 archiepiscopis
1383 1006 1417 1065 et
1441 999 1609 1088 episcopis,
1635 1001 1737 1066 archi-

320 1102 462 1168 diaconis
488 1124 542 1167 seu
568 1101 696 1167 decanis
720 1100 856 1188 aliisque
879 1100 1027 1166 omnibus
1051 1100 1269 1166 ecclesiasticis
1295 1101 1527 1168 secularibusve
1553 1104 1694 1191 personis
1718 1127 1738 1168 a

321 1205 411 1271 vobis
426 1207 558 1270 omnino
573 1206 640 1270 lieri
663 1204 877 1292 prohibemus.
924 1203 1129 1292 Sepulturam
1152 1227 1282 1292 quoquc
1304 1205 1403 1293 ipsius
1429 1205 1490 1270 loci
1516 1206 1649 1271 liberam
1672 1230 1738 1272 esse

321 1307 528 1388 decernimus,
552 1315 721 1373 uteorum
747 1307 912 1373 devotioni
939 1314 973 1372 et
1002 1315 1143 1372 extreme
1172 1307 1334 1374 voluntati
1362 1309 1418 1395 qui
1448 1332 1480 1374 se
1508 1309 1573 1374 illic
1599 1309 1738 1397 sepelliri

321 1412 580 1491 deliberaverint,
596 1413 655 1477 nisi
675 1413 759 1477 sorte
779 1412 1045 1477 excommunicati
1069 1411 1118 1476 vel
1142 1411 1306 1478 interdicti
1321 1413 1387 1477 sint
1409 1420 1469 1478 aut
1490 1414 1588 1478 etiam
1610 1413 1738 1501 publice

321 1517 468 1597 usurarii,
490 1517 596 1582 nullus
622 1516 770 1596 obsistat,
791 1516 879 1580 salva
905 1523 1012 1581 tamen
1036 1515 1169 1604 justitia
1194 1516 1321 1581 illarum
1346 1516 1547 1582 ecclesiamm
1574 1541 1595 1582 a
1619 1518 1737 1605 quibus

321 1628 521 1687 mortuorum
552 1643 686 1708 corpora
711 1627 924 1684 assumuntur.
983 1620 1131 1683 Decimas
1156 1627 1302 1707 preterea
1327 1627 1362 1686 et
1384 1620 1593 1708 possessiones
1619 1620 1738 1710 adjus

321 1723 520 1789 ecclesiarum
537 1730 712 1788 vestrarum
728 1730 909 1810 spectantes
923 1745 986 1809 que
1000 1747 1020 1786 a
1034 1722 1123 1787 laicis
1138 1721 1322 1788 detinenter
1338 1722 1513 1788 redimendi
1529 1731 1563 1788 et
1577 1724 1738 1811 legittime

320 1826 478 1892 liberandi
495 1826 535 1891 de
549 1825 696 1891 manibus
710 1848 819 1890 eorum
835 1833 869 1890 et
884 1824 926 1889 ad
940 1823 1085 1889 ecclesias
1100 1824 1142 1889 ad
1164 1848 1244 1912 quas
1259 1826 1425 1914 pertinent
1446 1826 1615 1892 revocandi
1636 1827 1739 1893 libera

322 1932 365 1997 sit
379 1930 470 1995 vobis
485 1929 525 1995 de
540 1937 651 1996 nostra
664 1930 860 1994 auctoritate
875 1928 1020 1993 facultas.
1067 1928 1217 1994 Obeunte
1241 1953 1316 1994 vero
1340 1937 1374 1996 te
1397 1952 1483 1995 nunc
1506 1930 1648 2018 ejusdem
1674 1930 1737 1996 loci

321 2033 454 2100 Abbate
479 2034 527 2099 vel
554 2040 684 2099 tuorum
710 2032 859 2120 quolibet
887 2054 1110 2110 successorum,
1134 2032 1240 2097 nullus
1270 2032 1315 2098 ibi
1345 2033 1493 2120 qualibet
1522 2033 1738 2122 subreptionis

321 2137 444 2203 astutia
468 2160 523 2202 seu
550 2137 704 2201 violentia
727 2142 930 2224 proponatur
958 2136 1018 2199 nisi
1048 2158 1143 2221 quem
1173 2135 1287 2201 fratres
1316 2136 1477 2201 communi
1507 2159 1660 2202 consensu
1688 2137 1736 2202 vel

321 2241 458 2307 fratrum
488 2241 592 2329 major
621 2263 694 2328 pars
723 2238 846 2304 consilli
877 2239 1020 2316 sanioris,
1051 2239 1222 2304 secundum
1253 2241 1359 2304 Deum
1388 2247 1424 2307 et
1452 2241 1539 2306 beati
1570 2241 1737 2307 Benedicti

322 2346 476 2434 regulam,
491 2343 692 2434 providerint
706 2343 897 2431 eligendum.
944 2344 1019 2408 Paci
1036 2366 1164 2430 quoque
1179 2352 1213 2409 et
1237 2344 1469 2431 tranquillitati
1485 2353 1588 2410 vestre
1602 2353 1738 2433 paterna

322 2451 355 2515 in
377 2458 542 2538 posterum
566 2448 781 2514 sollicitudine
800 2447 968 2536 providere
992 2447 1146 2528 volentes,
1169 2449 1364 2514 auctoritate
1386 2449 1565 2537 apostolica
1588 2449 1738 2537 prohibe·

322 2578 392 2619 mus
407 2562 445 2620 ut
460 2554 544 2618 infra
557 2552 718 2618 clausuras
733 2552 876 2617 locorum
891 2575 946 2616 seu
960 2553 1167 2640 grangiarum
1187 2561 1363 2618 vestrarum
1385 2553 1492 2618 nullus
1513 2554 1659 2642 rapinam
1682 2578 1736 2620 seu

322 2659 444 2724 furtum
460 2659 573 2736 facere,
588 2658 693 2744 ignem
709 2680 881 2746 apponere,
896 2657 1082 2744 sanguinem
1099 2656 1243 2735 fundere,
1258 2658 1418 2722 hominem
1435 2665 1553 2723 temere
1564 2681 1676 2747 capere
1687 2659 1735 2724 vel

322 2763 509 2843 interficere,
537 2784 592 2826 seu
620 2761 803 2826 violentiam
829 2760 947 2826 audeat
977 2784 1127 2826 exercere.
1190 2763 1338 2827 Preterca
1367 2785 1476 2827 omnes
1505 2762 1672 2828 libertates
1701 2771 1736 2828 et

322 2868 543 2933 immunitates
557 2890 578 2931 a
592 2865 863 2955 predecessoribus
878 2866 996 2932 nostris
1011 2866 1164 2930 Romanis
1187 2866 1394 2953 pontificibus
1417 2868 1609 2932 monasterio
1632 2876 1737 2933 vestro

322 2995 492 3050 concessas,
507 2995 629 3037 necnon
645 2971 811 3037 libertates
827 2976 861 3034 et
875 2971 1093 3058 exemptiones
1107 2970 1296 3035 secularium
1311 2973 1516 3036 exactionum
1531 2971 1688 3060 aregibus
1703 2981 1738 3041 et

323 3077 520 3166 principibus
558 3076 607 3141 vel
643 3076 714 3141 aliis
755 3073 902 3140 fidelibus
942 3074 1180 3140 rationabiliter
1221 3075 1310 3140 vobis
1350 3075 1505 3156 indultas,
1541 3079 1737 3143 auctoritate

322 3181 500 3270 apostolica
514 3182 737 3246 confirmamus
752 3187 786 3245 et
803 3179 960 3267 presentis
982 3180 1094 3267 scripti
1108 3179 1277 3267 privilegio
1300 3183 1540 3246 communimus.
1587 3182 1737 3246 Decemi·

323 3309 392 3350 mus
407 3308 484 3373 ergo
499 3292 537 3349 ut
552 3284 632 3350 nulli
648 3285 780 3349 omnino
795 3283 960 3348 hominum
975 3282 1070 3348 liceat
1089 3283 1250 3372 prefatum
1274 3285 1501 3350 monasterium
1525 3291 1644 3350 temera
1666 3308 1736 3373 per·

323 3389 454 3455 turbare
468 3396 527 3453 aut
540 3389 610 3476 ejus
624 3389 832 3477 possessiones
847 3386 971 3451 auferre
994 3386 1043 3451 vel
1057 3386 1183 3452 ablatas
1204 3389 1352 3468 retinere,
1368 3389 1508 3453 minuere
1529 3412 1584 3454 seu
1606 3389 1737 3476 quibus·

321 3493 403 3560 libet
419 3492 641 3559 vexationibus
656 3493 805 3579 fatigare,
820 3489 875 3556 sed
890 3491 998 3556 omnia
1013 3493 1140 3579 integra
1155 3500 1381 3558 conserventur
1395 3516 1504 3557 eorum
1525 3516 1585 3581 pro
1600 3517 1736 3580 quorum

322 3597 556 3686 gubernatione
574 3621 612 3663 ac
634 3597 868 3662 sustentatione
893 3619 1040 3660 concessa
1065 3604 1141 3662 sunt
1165 3596 1275 3662 usibus
1301 3596 1492 3662 omnimodis
1518 3620 1578 3685 pro
1604 3597 1737 3676 futura;

323 3702 410 3766 salva
423 3701 505 3767 sedis
524 3701 699 3790 apostolice
721 3701 916 3765 auctoritate
939 3707 974 3764 et
997 3699 1156 3765 diocesani
1179 3701 1320 3789 episcopi
1344 3702 1496 3766 canonica
1516 3701 1656 3790 justitia
1702 3703 1736 3768 Si

323 3829 388 3894 qua
402 3807 504 3893 igitur
518 3806 550 3870 in
573 3806 718 3870 futurum
741 3804 951 3870 ecclesiastica
974 3803 1159 3868 secularisve
1178 3827 1324 3892 persona,
1339 3804 1422 3870 hanc
1444 3813 1553 3871 nostre
1578 3806 1735 3872 constitu·

323 3911 421 3975 tionis
435 3910 587 3997 paginam
603 3910 713 3990 sciens,
727 3915 840 3974 contra
854 3931 924 3974 earn
941 3915 1059 3973 temere
1078 3909 1184 3973 venire
1206 3910 1427 3997 temptaverit,
1441 3910 1578 3975 secundo
1600 3911 1737 3976 tertiove

323 4015 529 4092 commonita,
558 4014 619 4079 nisi
656 4021 780 4079 reatum
811 4036 902 4078 suum
932 4035 1074 4099 congma
1102 4013 1321 4078 satisfactione
1350 4015 1535 4092 correxerit,
1563 4017 1737 4103 potestatis

323 4119 516 4206 honorisque
539 4119 587 4183 sui
609 4125 717 4183 careat
741 4118 914 4205 dignitate,
928 4140 1077 4203 reamque
1100 4140 1133 4182 se
1158 4116 1269 4182 divino
1292 4117 1416 4206 judicio
1440 4119 1574 4183 existere
1600 4118 1640 4184 de
1666 4143 1737 4208 per-

323 4230 453 4310 petrata
482 4223 655 4309 iniquitate
685 4230 867 4309 cognoscat,
897 4229 931 4286 et
960 4222 1172 4286 sacratissimo
1200 4244 1333 4310 corpore
1362 4245 1399 4286 ac
1428 4222 1582 4309 sanguine
1612 4224 1674 4288 Dei
1703 4232 1738 4291 et

322 4325 532 4414 redemptoris
555 4325 656 4391 nostri
672 4326 772 4390 Jhesu
796 4326 917 4390 Christi
940 4325 1044 4390 aliena
1068 4326 1136 4404 fiat,
1151 4332 1250 4412 atque
1276 4326 1310 4390 in
1337 4333 1482 4390 extremo
1504 4326 1649 4390 examine
1673 4326 1737 4392 dis-

323 4431 418 4496 tricte
434 4430 598 4518 subjaccat
620 4429 747 4494 ultioni.
794 4429 926 4494 Cunctis
940 4436 1048 4493 autem
1072 4429 1175 4494 eidem
1197 4428 1268 4494 loco
1292 4452 1349 4493 sua
1368 4428 1444 4515 jura
1471 4429 1671 4495 servantibus
1693 4432 1738 4496 sit

322 4556 387 4621 pax
424 4534 556 4598 Domini
587 4534 689 4598 nostri
718 4535 796 4598 Jesu
826 4533 947 4598 Christi
977 4533 1130 4620 quatinus
1167 4540 1201 4597 et
1236 4532 1288 4597 hic
1317 4533 1457 4597 fructum
1488 4532 1571 4598 bone
1601 4535 1737 4599 actionis

321 4637 502 4727 percipiant
516 4645 550 4704 et
564 4637 652 4727 apud
667 4637 849 4704 districtum
864 4638 887 4699 J
888 4636 1011 4702 udicem
1030 4636 1152 4727 premia
1166 4643 1274 4702 eterne
1289 4637 1376 4729 pacis
1396 4637 1570 4706 inveniant
1619 4639 1734 4705 Amen.
