4412 5948
464 845 507 916 30
826 844 1071 916 CHARTERS
1103 853 1201 917 AND
1231 845 1509 917 DOCUMENTS

463 1039 583 1124 quiete,
598 1037 750 1124 plenarie,
765 1039 900 1125 integre,
916 1039 1099 1116 honorilice,
1114 1039 1195 1104 bene
1209 1048 1244 1105 et
1260 1041 1292 1104 in
1308 1063 1397 1128 pace,
1413 1041 1445 1104 in
1469 1042 1617 1106 omnibus
1639 1049 1674 1106 et
1695 1065 1753 1129 per
1767 1041 1876 1105 omnia

463 1143 547 1208 sicut
573 1141 666 1228 burgi
693 1141 733 1206 de
760 1143 1003 1230 Dunfermleyn,
1026 1144 1221 1230 Newburgh,
1245 1153 1278 1211 et
1304 1145 1529 1210 Abirbrotholr
1561 1153 1619 1211 aut
1647 1145 1765 1233 aliquis
1793 1144 1876 1210 alius

463 1247 583 1332 burgus
598 1248 632 1310 in
648 1246 782 1311 baronia
796 1249 829 1311 in
845 1270 944 1333 regno
959 1255 1070 1312 nostro
1085 1248 1327 1335 quibuscunque
1342 1249 1541 1336 temporibus
1564 1250 1731 1316 retroactis
1746 1248 1877 1314 liberius

463 1350 647 1416 infeodetur
672 1374 727 1415 seu
751 1359 887 1416 tenetur.
934 1354 984 1416 Ac
1011 1353 1140 1439 insuper
1165 1354 1373 1417 concessimus
1403 1360 1437 1418 et
1466 1360 1576 1419 tenore
1605 1355 1760 1442 presentis
1789 1359 1877 1418 carte

463 1461 571 1518 nostre
596 1454 798 1518 concedimus
824 1454 912 1519 dicto
937 1455 1108 1520 venerabili
1136 1457 1220 1543 patri
1246 1463 1280 1520 et
1303 1456 1531 1521 successoribus
1553 1459 1617 1522 suis
1639 1456 1811 1522 abbatibus
1837 1455 1877 1520 de

463 1557 603 1636 Pasleto,
618 1557 804 1622 facultatem
821 1566 855 1623 et
869 1566 1063 1646 potestatem
1079 1559 1120 1624 ad
1136 1559 1317 1645 eligendum
1334 1561 1502 1626 annuatim
1518 1562 1728 1649 prepositum,
1743 1559 1878 1626 ballivos

463 1670 498 1727 et
511 1662 591 1726 alios
606 1662 771 1726 officiarios
785 1662 864 1727 dicti
881 1662 987 1749 burgi,
998 1670 1032 1729 et
1047 1663 1172 1728 eosdem
1188 1665 1308 1728 totiens
1319 1665 1468 1751 quotiens
1483 1687 1564 1752 opus
1575 1666 1674 1730 fuerit
1683 1664 1876 1742 removendi,

464 1774 498 1831 et
513 1766 593 1830 alios
607 1767 641 1831 in
658 1790 767 1831 eorum
783 1768 859 1831 locis
874 1767 914 1832 de
936 1790 1020 1832 novo
1041 1767 1180 1854 eligendi
1204 1774 1238 1833 et
1265 1768 1462 1857 imponendi,
1484 1776 1583 1856 prout
1606 1769 1667 1834 sibi
1694 1769 1820 1834 Abbati
1843 1775 1878 1835 et

464 1871 692 1936 successoribus
722 1873 786 1935 suis
816 1871 928 1936 melius
961 1871 1122 1938 videbitur
1154 1872 1336 1960 expediens,
1365 1873 1554 1938 conveniens
1583 1881 1617 1940 et
1646 1881 1878 1962 opportunum,

463 1975 583 2062 absque
597 1975 707 2061 aliqua
725 1975 790 2039 alia
811 1975 966 2040 electione
987 1975 1192 2062 burgensium
1216 2000 1270 2041 seu
1293 1977 1534 2042 communitatis
1559 1977 1695 2065 predicti
1722 1978 1829 2064 burgi,
1844 1984 1878 2042 et

464 2081 531 2144 sine
546 2080 655 2166 aliqua
670 2080 871 2144 revocatione
885 2087 944 2144 aut
965 2080 1220 2145 contradictione
1243 2089 1353 2146 nostra
1375 2089 1434 2146 aut
1459 2104 1670 2146 successorum
1695 2089 1877 2146 nostrorum

464 2206 559 2271 super
584 2183 744 2270 premissis
770 2184 980 2270 quovismodo
1007 2184 1152 2249 facienda
1176 2186 1208 2249 in
1231 2185 1386 2250 futurum.
1449 2189 1554 2265 Quare
1575 2187 1729 2250 universis
1755 2193 1789 2250 et
1815 2185 1877 2249 sin·

464 2287 548 2374 gulis
562 2309 698 2373 quorum
715 2287 848 2352 interest
864 2287 913 2351 vel
936 2288 1085 2353 interesse
1111 2289 1234 2376 poterit
1260 2290 1371 2354 stricte
1398 2289 1603 2377 precipiendo
1627 2289 1813 2354 mandamus
1839 2311 1879 2353 ne

464 2391 537 2478 quis
552 2391 585 2454 in
600 2390 795 2456 contrarium
812 2390 971 2456 dictarum
988 2399 1167 2457 nostrarum
1188 2395 1419 2456 concessionem
1442 2400 1500 2458 aut
1522 2416 1786 2480 quorumcunque
1807 2415 1879 2481 pre·

465 2496 631 2560 missorum
646 2494 849 2582 aliquatenus
864 2494 1011 2560 devenire
1026 2503 1199 2583 presumat,
1215 2497 1275 2561 sub
1297 2498 1385 2562 omni
1409 2521 1492 2585 pena
1514 2521 1612 2585 quam
1637 2521 1713 2584 erga
1736 2504 1878 2562 nostram

465 2601 585 2686 regiam
600 2600 758 2663 incurrere
773 2600 896 2686 poterit
911 2598 1122 2685 majestatem.
1169 2602 1208 2663 In
1224 2599 1314 2687 cujus
1337 2603 1382 2665 rei
1399 2601 1619 2669 testimonium
1641 2601 1717 2666 huic
1738 2601 1878 2688 presenti

465 2710 553 2768 carte
590 2710 698 2768 nostre
735 2725 886 2789 magnum
924 2702 1064 2789 sigillum
1103 2711 1247 2768 nostrum
1284 2705 1404 2792 apponi
1443 2706 1649 2793 precepimus.
1716 2699 1879 2781 Testibus,

465 2806 643 2871 reverendis
659 2806 691 2870 in
708 2807 837 2871 Christo
855 2805 1002 2893 patribus
1023 2806 1170 2871 Roberto
1184 2808 1334 2895 episcopo
1349 2808 1557 2894 Glasgwensi,
1573 2809 1715 2894 Georgio
1730 2808 1879 2895 episcopo

466 2909 697 2985 Dunkeldensi,
719 2909 844 2975 dilectis
866 2911 1107 2996 consanguineis
1130 2911 1247 2976 nostris
1272 2912 1386 2976 Colino
1407 2913 1525 2977 comite
1549 2911 1588 2976 de
1612 2911 1723 2997 Ergile
1747 2911 1878 2976 domino

467 3011 621 3100 Campbel
635 3011 823 3077 cancellario
838 3019 960 3090 nostro,
976 3012 1175 3078 Archibaldo
1189 3014 1308 3078 comite
1330 3015 1474 3100 Angusie
1493 3014 1625 3079 domino
1648 3014 1688 3078 de
1703 3014 1879 3100 Dowglass,

467 3115 536 3193 bc,
552 3117 692 3181 Patricio
707 3115 839 3181 domino
859 3117 963 3204 Halys
979 3119 1133 3202 magistro
1152 3118 1286 3204 hospitii
1305 3117 1419 3194 nostri,
1434 3117 1579 3182 Roberto
1594 3117 1725 3182 domino
1747 3117 1787 3182 de
1809 3117 1880 3182 Lile

463 3219 644 3306 justiciario
674 3226 796 3298 nostru,
823 3219 955 3285 Andrea
984 3221 1116 3286 domino
1146 3220 1175 3284 le
1205 3223 1305 3308 Gray,
1342 3223 1519 3286 Laurentio
1550 3221 1681 3286 domino
1711 3221 1880 3308 Oliphant,

466 3323 615 3386 Johanne
641 3323 772 3388 domino
803 3323 1016 3401 Drummond,
1049 3323 1220 3388 venerabili
1250 3325 1283 3388 in
1314 3325 1444 3389 Christo
1473 3332 1565 3412 patre
1597 3325 1745 3389 Jobanne
1774 3325 1881 3412 priore

467 3428 649 3492 monasterii
666 3429 768 3492 nostri
788 3428 1015 3493 Sanctiandree
1037 3431 1137 3493 nostri
1163 3431 1275 3495 secreti
1299 3429 1396 3515 sigilli
1418 3429 1559 3508 custode,
1576 3429 1729 3493 Wilelmo
1753 3428 1880 3493 Knollis

466 3540 652 3620 preceptore
681 3533 845 3598 Toriichin
875 3534 978 3599 milite
1004 3542 1114 3600 nostro
1144 3534 1355 3612 thesaurario,
1379 3535 1540 3620 magistris
1565 3534 1753 3598 Alexandro
1780 3533 1881 3620 lnglis

466 3636 691 3701 archidiacono
707 3636 932 3701 Sanctiandree
948 3644 1169 3724 compotorum
1186 3646 1368 3703 nostrorum
1391 3638 1568 3703 rotulatore
1591 3661 1627 3702 ac
1650 3636 1763 3702 clerico
1778 3637 1880 3702 nostri

467 3742 594 3828 registri
610 3741 679 3819 dcc,
694 3749 728 3806 et
743 3741 942 3806 Archibaldo
962 3742 1136 3820 Quhitelau
1152 3742 1332 3807 subdecano
1353 3743 1549 3828 Glasgwensi
1566 3743 1736 3807 secretario
1760 3750 1882 3820 nostro,

467 3845 554 3933 apud
570 3845 746 3931 Striueling
760 3845 883 3909 decimo
898 3869 983 3910 nono
999 3846 1052 3911 die
1068 3847 1181 3910 mensis
1197 3848 1340 3932 Augusti
1355 3869 1440 3910 anno
1456 3847 1589 3910 Domini
1602 3847 1769 3910 millesimo
1779 3845 1880 3932 quad-

468 3950 696 4036 ringentesimo
712 3951 929 4035 octuagesimo
945 3957 1059 4014 octavo
1074 3958 1108 4016 et
1123 3951 1212 4036 regni
1228 3951 1330 4015 nostri
1345 3951 1458 4038 primo.

416 4205 425 4226 ¹
555 4187 674 4263 James,
689 4184 732 4272 by
748 4185 804 4249 the
818 4209 912 4272 grace
928 4186 965 4250 of
977 4186 1064 4262 God,
1080 4187 1169 4271 King
1184 4187 1221 4251 of
1233 4189 1335 4263 Scots,
1351 4194 1387 4251 to
1402 4186 1445 4250 all
1468 4185 1553 4270 good
1569 4209 1640 4251 men
1657 4186 1694 4250 of
1713 4186 1762 4250 his
1778 4185 1880 4250 whole

469 4271 556 4351 land,
586 4271 693 4336 clerica
730 4271 795 4336 and
832 4272 917 4350 laics,
947 4275 1115 4359 greeting:
1153 4274 1199 4337 Be
1232 4275 1260 4338 it
1297 4274 1411 4338 known
1448 4275 1522 4338 that
1559 4273 1610 4337 for
1646 4273 1703 4337 the
1739 4273 1882 4358 singular

470 4368 592 4511 iili?
609 4359 763 4510 ltlttt
777 4359 1531 4512 lfttftltlttftttffit{tillttttl
1545 4383 1619 4511 tt
1637 4359 1885 4512 lihitihssl

470 4533 508 4597 of
519 4468 752 4597 ourydncestors
767 4470 821 4596 arla
835 4533 948 4598 buried
963 4533 1026 4598 and
1042 4557 1095 4598 are
1110 4541 1145 4597 at
1161 4471 1236 4611 resli,
1247 4471 1311 4598 aird
1327 4535 1377 4597 for
1391 4497 1445 4598 the
1459 4533 1603 4619 singular
1614 4469 1727 4598 liavour
1737 4533 1801 4598 and
1811 4535 1882 4597 love

470 4620 572 4684 which
589 4644 633 4684 we
648 4619 725 4685 bear
738 4627 774 4684 to
790 4620 846 4684 the
862 4620 1035 4685 Venerable
1057 4621 1178 4685 Father
1199 4622 1232 4685 in
1256 4621 1376 4698 Christ,
1393 4623 1520 4706 George
1544 4621 1665 4695 Schaw,
1680 4642 1751 4684 now
1765 4619 1882 4685 Abbot

470 4707 508 4771 of
519 4707 575 4770 the
590 4706 659 4770 said
675 4708 873 4794 Monastery,
888 4730 947 4771 our
970 4730 1044 4794 very
1059 4706 1136 4771 dear
1159 4707 1355 4782 Counsellor,
1371 4707 1435 4772 and
1458 4708 1509 4771 for
1531 4707 1587 4770 the
1610 4706 1741 4770 faithful
1765 4707 1881 4771 service

471 4793 624 4859 rendered
638 4800 675 4858 to
690 4817 727 4858 us
742 4794 776 4858 in
791 4817 887 4881 many
903 4793 1023 4881 waysb
1059 4793 1115 4859 the
1131 4793 1202 4858 said
1223 4793 1396 4858 Venerable
1418 4795 1538 4858 Father
1553 4795 1587 4857 in
1608 4795 1702 4858 times
1718 4801 1801 4880 past,
1815 4793 1881 4858 and

470 4879 679 4968 particularly
694 4880 745 4945 for
761 4880 815 4946 the
831 4881 976 4945 virtuous
994 4817 1164 4945 education
1180 4879 1244 4944 and
1259 4880 1457 4966 upbringing
1479 4881 1516 4944 of
1535 4903 1594 4944 our
1609 4879 1734 4944 denrast
1750 4880 1883 4945 brother

470 4969 493 5031 J
494 4990 579 5032 ames
594 4967 689 5031 Dulce
704 4967 742 5031 of
754 4969 846 5045 Roas,
861 4969 895 5031 in
910 4969 960 5032 his
976 4967 1089 5033 tender
1103 4991 1173 5052 nge,
1186 4991 1230 5031 we
1244 4967 1325 5031 have
1341 4966 1443 5046 made,
1455 4966 1665 5043 constituted,
1677 4966 1802 5032 erected
1816 4966 1882 5031 and
