4412 5948
699 828 756 890 OF
785 830 882 892 THE
913 830 1075 894 BURGH
1107 830 1164 892 OF
1193 832 1397 896 PAISLEY.
1715 834 1758 900 73

348 1021 436 1078 oerte
449 1016 581 1081 scientia
598 1018 791 1104 proprioque
814 1017 947 1092 motivo,
962 1019 1141 1097 Ereximus,
1164 1019 1336 1099 uniuimus‚
1358 1021 1588 1085 annexauimus
1603 1027 1636 1085 et
1653 1021 1756 1086 incor-

349 1119 533 1204 porauirnus
547 1143 584 1184 ac
600 1127 709 1184 tenore
724 1122 878 1208 presentis
894 1128 980 1184 carte
995 1129 1103 1186 nostre
1124 1147 1182 1208 pro
1203 1122 1295 1186 uobis
1319 1131 1353 1186 et
1376 1124 1605 1189 successoribus
1629 1126 1757 1204 nostris,

350 1221 523 1306 Erigimus,
545 1223 683 1296 unimus,
705 1247 899 1287 annexmuus
922 1232 954 1288 et
979 1224 1217 1310 incorporamus
1241 1249 1349 1289 omnes
1374 1234 1408 1291 et
1434 1226 1574 1313 singulas
1599 1227 1756 1314 predictas

350 1331 460 1401 terras,
476 1326 633 1403 baronias,
652 1327 788 1391 decimas
809 1327 954 1412 garbales
970 1331 1261 1415 supraspecilicatas
1279 1330 1424 1408 inclusas,
1441 1338 1478 1396 ut
1496 1330 1674 1416 predictum
1698 1340 1756 1410 est,

350 1426 484 1514 burgum
502 1430 633 1494 baronie
647 1439 680 1495 et
696 1432 895 1516 regalitatem
913 1435 1171 1520 suprascriptam,
1188 1456 1258 1497 cum
1278 1436 1341 1497 suis
1354 1436 1446 1497 terris
1459 1434 1655 1520 burgalibus,
1668 1444 1755 1500 teue-

351 1534 477 1608 mentis,
492 1535 600 1612 lirmiS,
615 1535 801 1620 burgolibus
817 1535 978 1612 mmdinis‚
995 1537 1081 1612 loris,
1097 1537 1284 1624 priuilegiis,
1300 1561 1336 1600 ac
1359 1537 1429 1600 aliis
1452 1537 1591 1602 eiusdem
1614 1540 1757 1625 superius

348 1638 505 1722 repetitis,
532 1640 662 1703 Necnon
692 1641 800 1703 onmia
829 1648 863 1702 et
892 1641 1019 1726 singula
1051 1641 1205 1727 predicta,
1237 1641 1430 1714 molendina,
1458 1642 1625 1719 multurae,
1650 1644 1756 1720 siluas,

348 1742 508 1826 piscariae,
539 1745 726 1819 mansiones,
757 1746 919 1821 maneries,
950 1753 1065 1821 castra,
1095 1754 1208 1823 turres,
1242 1747 1411 1822 fortalicia,
1445 1747 1567 1824 hortos,
1604 1751 1756 1833 pomeria,

348 1867 469 1931 parcas,
484 1847 644 1924 forrestas,
660 1848 867 1926 columbaria,
888 1848 1091 1925 cunicularia,
1115 1850 1277 1925 carbones,
1292 1851 1489 1929 carbonaria,
1505 1858 1610 1937 prata,
1627 1852 1756 1929 wardas,

349 1972 447 2028 mora,
474 1953 623 2015 marresia
649 1975 702 2015 seu
726 1952 881 2036 glebaria,
902 1954 1018 2028 lirinus,
1041 1977 1160 2028 census,
1184 1963 1355 2030 custumes,
1371 1954 1526 2029 devorias,
1541 1955 1756 2031 casualitates,

348 2061 542 2126 tenemento,
553 2079 675 2119 annuos
690 2057 844 2132 redditus,
857 2057 1041 2142 regalitates
1057 2066 1090 2121 et
1105 2057 1272 2142 priuilegia
1284 2058 1467 2133 earundem,
1477 2065 1632 2137 tenentes,
1644 2068 1755 2126 tenan-

347 2156 427 2232 dria,
443 2157 540 2222 libere
564 2161 742 2224 tenentium
764 2161 895 2224 seruitia
917 2160 1100 2235 earundem,
1116 2162 1366 2248 super-imitatos,
1383 2164 1494 2237 ollicia,
1512 2163 1755 2240 iurisdictiones,

349 2262 578 2338 immunitates,
593 2263 726 2339 fructuS,
742 2263 897 2342 redditus,
917 2263 1143 2340 emolumenta,
1158 2265 1270 2328 etalio
1285 2289 1472 2351 quecunque
1495 2257 1563 2330 tam
1586 2267 1620 2330 iu
1640 2291 1756 2351 genere

348 2386 444 2450 quam
461 2366 492 2428 in
509 2368 611 2453 specie
626 2369 935 2453 supmrnentionata,
950 2391 1012 2453 que
1027 2367 1068 2432 ad
1086 2367 1264 2454 predictum
1282 2372 1508 2433 monasterium
1525 2370 1565 2436 de
1580 2371 1706 2458 Paislay
1722 2379 1756 2436 et

346 2467 388 2532 ad
406 2470 633 2554 patrimonium
650 2471 788 2534 eiusdem
808 2473 1032 2557 pertinuerunt
1047 2495 1099 2535 seu
1117 2472 1329 2557 quouismodo
1345 2476 1503 2559 pertinere
1520 2474 1699 2554 valuerunt,
1709 2477 1755 2540 Et

347 2573 380 2636 in
396 2596 532 2659 quorum
550 2575 742 2660 possessione
758 2576 891 2638 abbates
907 2576 1168 2643 conunendatarii
1185 2584 1219 2642 et
1234 2585 1411 2640 conuentus
1426 2578 1564 2642 eiusdem
1581 2580 1755 2666 respective

346 2675 507 2762 aliquibus
523 2678 720 2764 temporibus
743 2681 910 2744 retroactis
927 2680 1058 2743 luerunt
1072 2682 1227 2766 (exceptis
1246 2680 1397 2767 predictis
1412 2680 1548 2744 ecclesiis
1564 2682 1754 2768 paroehiali-

347 2779 417 2853 bus,
442 2783 593 2858 rectoriis‚
619 2783 742 2845 vicariis
767 2793 800 2846 et
826 2782 896 2845 aliis
921 2784 1064 2869 superius
1089 2784 1256 2871 exceptis),
1281 2785 1328 2846 IN
1360 2786 1497 2847 UNUM
1529 2785 1689 2870 integrum
1721 2794 1755 2851 et

346 2881 480 2947 liberum
493 2884 666 2970 temporale
676 2885 852 2948 dominium
864 2893 896 2948 et
908 2885 1072 2948 baroniam
1086 2888 1210 2972 prelato
1222 2887 1353 2950 domino
1367 2887 1504 2951 Claudio
1515 2888 1754 2966 Hammiltoun,

344 2985 512 3049 heredibus
528 2988 591 3049 suis
607 2988 751 3051 masculis
763 2996 797 3052 et
811 2989 980 3072 assignatis
995 2988 1177 3066 antedictis,
1193 3012 1276 3052 nunc
1292 2997 1325 3052 et
1343 2991 1373 3053 in
1390 2991 1538 3054 omnibus
1554 2990 1753 3078 temporibus

345 3089 492 3152 affuturis
504 3092 689 3155 llominium
701 3099 734 3154 et
744 3092 914 3155 Baroniam
925 3090 964 3154 de
976 3091 1099 3177 l’aislay
1108 3099 1327 3178 nuncupatum
1338 3101 1372 3157 et
1382 3092 1754 3180 nuncupandum,dando

345 3201 378 3257 et
393 3194 595 3259 coneedendo
617 3195 718 3260 eidem
745 3197 886 3259 Domino
913 3195 1058 3272 Claudio,
1084 3196 1250 3260 heredibus
1276 3199 1340 3260 suis
1364 3197 1509 3262 masculis
1532 3206 1566 3262 et
1585 3201 1754 3285 assignatis

345 3296 508 3383 predictis,
525 3297 667 3377 titulum,
683 3299 846 3376 honorem,
862 3299 1005 3362 ordinem
1029 3307 1064 3365 et
1085 3299 1279 3384 dignitatem
1303 3301 1401 3364 libere
1422 3300 1549 3365 baronis
1573 3309 1606 3364 et
1631 3301 1752 3368 domini

345 3408 525 3464 nostrorum
542 3400 838 3488 parliamentorum‚
853 3404 908 3487 qui
925 3402 1073 3466 omuibus
1096 3402 1212 3466 dehinc
1236 3402 1433 3488 temporibus
1457 3405 1581 3468 ratione
1597 3411 1750 3469 terrarum

345 3511 378 3567 et
393 3504 527 3568 dominii
544 3506 750 3591 suprascripti
777 3507 908 3569 Domini
935 3504 975 3569 de
994 3506 1120 3592 Paislay
1137 3506 1409 3592 nuncupabuntur
1432 3515 1466 3570 et
1489 3507 1754 3586 intitulabuntur,

345 3615 519 3693 votumque
542 3615 575 3672 et
594 3608 746 3694 suffragiu
769 3610 800 3671 iu
826 3610 973 3673 omnibus
997 3611 1113 3673 nostris
1136 3609 1366 3695 parliamentis,
1388 3610 1589 3696 generalibus
1604 3613 1753 3690 consiliis,

344 3713 511 3776 conuentis
526 3719 559 3775 et
574 3712 702 3798 synodis
718 3712 886 3778 habebunt
901 3715 995 3778 sicuti
1011 3714 1128 3799 aliquis
1142 3712 1224 3776 alius
1247 3712 1395 3777 domiuus
1422 3713 1628 3800 parliamenti
1651 3718 1752 3781 nostri

344 3814 453 3891 habet,
474 3813 641 3890 habuerat,
665 3814 782 3878 habere
805 3816 938 3901 poterit,
961 3839 1014 3879 seu
1043 3817 1074 3878 in
1102 3817 1247 3880 futurum
1275 3815 1443 3879 habiturus
1466 3817 1521 3891 sit,
1535 3818 1583 3880 Et
1607 3824 1645 3881 ut
1668 3817 1750 3882 idem

343 3916 520 3981 dominium
538 3918 570 3980 iu
586 3918 684 4003 signis
699 3925 733 3982 et
747 3920 854 3994 arinis,
867 3927 905 3982 ut
921 3919 1016 3983 moris
1028 3926 1087 3995 est,
1100 3919 1275 3984 decoretur.
1315 3920 1561 3983 PRETEREA
1578 3944 1637 4007 pro
1652 3922 1753 3985 causis

343 4022 565 4109 suprascriptis
577 4045 633 4086 nos
647 4045 704 4108 pro
718 4023 809 4087 nobis
825 4031 858 4087 et
874 4022 1102 4087 successoribus
1118 4024 1235 4089 nostris
1253 4031 1361 4089 tenore
1378 4025 1531 4111 presentis
1547 4034 1634 4090 carte
1646 4015 1753 4091 nostre

343 4127 589 4204 Renunciamus,
605 4125 865 4204 extradonamus‚
881 4127 1037 4204 dedimus,
1053 4129 1272 4202 concessimus,
1289 4129 1508 4193 transferimus
1524 4155 1543 4193 a
1566 4130 1659 4194 nobis
1682 4154 1751 4218 pre-

343 4230 412 4292 fato
428 4231 569 4293 Domino
586 4231 722 4294 Claudio
740 4231 944 4308 Hamilt0un‚
960 4231 1128 4295 heredibus
1152 4232 1216 4294 suis
1240 4233 1384 4295 masculis
1409 4240 1441 4296 et
1457 4235 1625 4319 assignatis
1641 4258 1751 4322 supra·

343 4334 542 4419 specificans,
565 4335 682 4397 Omnes
708 4343 741 4399 et
765 4334 905 4420 singulas
933 4337 1169 4420 prenominatos
1199 4345 1308 4412 terias,
1330 4335 1483 4414 dominia,
1507 4336 1653 4401 baronias
1680 4361 1750 4424 pre-

343 4437 454 4514 dictos,
470 4437 607 4501 decimas
622 4438 766 4523 garbales
783 4439 927 4514 inclusas,
944 4441 1131 4514 nimisiones,
1149 4463 1304 4516 munerea,
1319 4447 1434 4516 castra,
1450 4448 1564 4517 turres,
1580 4442 1751 4519 fortalicia,

343 4540 479 4627 burgum
503 4544 764 4629 suprascriptum,
780 4566 849 4606 cum
876 4544 967 4606 terris
991 4543 1187 4628 burgalibus,
1210 4546 1412 4623 tenementis,
1435 4546 1543 4623 firmis,
1564 4545 1750 4631 burgalibus

343 4645 504 4722 nundinis,
520 4647 606 4724 foris,
622 4646 798 4732 priuilegiis
821 4653 854 4709 et
878 4647 948 4709 aliis
971 4647 1141 4710 earundem
1159 4650 1452 4734 supraspecilicatis,
1467 4673 1538 4712 cum
1555 4648 1702 4713 omnibus
1717 4659 1751 4714 et

342 4750 474 4835 singulis
486 4749 637 4836 predictis
651 4749 850 4828 molendinis
864 4750 1023 4826 multuris‚
1035 4751 1133 4827 siluis,
1145 4752 1298 4837 piscariis,
1310 4753 1465 4828 censibus,
1477 4755 1573 4830 canis,
1585 4755 1750 4832 custumis,

341 4851 490 4930 deuoriiS,
505 4852 758 4932 casualitatibuS‚
780 4855 893 4918 annuis
917 4854 1107 4933 redditibus,
1125 4854 1359 4940 regalitatibus,
1375 4857 1484 4919 olliciis
1506 4865 1540 4921 et
1562 4858 1625 4921 suis
1648 4859 1748 4945 priui-
1776 4840 1783 4854 ⁸

340 4955 431 5055 legiis
453 4959 649 5038 tenentibus,
672 4959 858 5038 tenandriis,
881 4959 978 5023 libere
1002 4959 1180 5023 tenentium
1204 4959 1340 5038 semitis,
1366 4960 1536 5040 fructibus,
1559 4961 1749 5046 redditibus,
