4412 5948
452 789 496 854 90
814 787 1059 850 CHARTERS
1091 787 1188 850 AND
1218 787 1498 850 DOCUMEN'IS

453 975 705 1066 promptioribus
728 973 917 1051 redditibus,
941 975 1109 1052 fmctibus,
1131 974 1353 1040 communibus
1379 975 1482 1054 bonis,
1502 975 1601 1062 vulgo
1623 976 1662 1040 lia
1687 997 1861 1041 communae

450 1082 573 1170 guido,
584 1078 663 1145 dicti
677 1078 772 1164 burgi
787 1077 827 1145 de
843 1076 980 1166 Paislay,
995 1079 1042 1142 Et
1053 1077 1233 1166 specialiter
1248 1077 1382 1166 (absque
1393 1079 1572 1166 prejudicio
1584 1087 1692 1145 tamen
1707 1077 1861 1165 generali·

454 1187 531 1250 tatis
561 1183 749 1272 prescripta)
777 1181 817 1248 de
846 1183 926 1247 totis
957 1190 991 1248 et
1021 1183 1154 1268 integris
1184 1183 1338 1249 custumis
1367 1182 1447 1249 dicti
1477 1182 1573 1271 burgi
1603 1190 1638 1248 et
1672 1182 1713 1248 de
1749 1183 1862 1248 annuis

454 1277 598 1354 censibus
635 1294 814 1353 nostrarum
844 1287 1061 1351 communium
1094 1287 1300 1366 officinarum,
1332 1286 1429 1376 vulgo
1461 1289 1500 1354 lie
1530 1310 1690 1352 commoua
1719 1287 1862 1365 burdam,

454 1402 487 1461 et
517 1394 557 1459 de
586 1391 743 1458 fructibus
772 1399 807 1458 et
835 1391 1015 1457 redditibus
1052 1393 1266 1457 communium
1305 1400 1463 1458 terrarum
1500 1391 1581 1458 dicti
1617 1390 1712 1480 burgi
1749 1413 1787 1457 ac
1822 1389 1863 1457 de

456 1499 566 1587 primis
588 1505 622 1563 et
643 1496 897 1585 promptioribus
919 1495 1088 1561 earundem
1112 1496 1270 1561 solvendis
1292 1519 1350 1584 per
1371 1519 1429 1561 nos
1449 1498 1483 1562 in
1498 1519 1611 1585 puram
1626 1504 1662 1563 et
1675 1502 1863 1585 perpetuam

452 1603 658 1691 elymosinam
681 1608 719 1664 ut
741 1600 900 1687 perfertur
921 1599 1102 1687 dispositis;
1129 1599 1258 1666 Necnon
1275 1600 1399 1680 damus,
1419 1601 1634 1677 concedimur,
1654 1601 1864 1689 disponimus,

455 1706 693 1782 mortificamus,
719 1704 867 1768 dotamus
897 1728 933 1767 ac
964 1727 1022 1791 pro
1052 1711 1209 1792 perpetuo
1238 1705 1461 1770 confirmamus
1491 1706 1625 1792 prefatis
1654 1728 1708 1770 sex
1737 1704 1864 1769 senibus

455 1808 659 1899 pauperibus,
674 1807 901 1872 successorihus
916 1809 1042 1894 suisque
1065 1809 1097 1872 in
1118 1808 1207 1874 dicto
1229 1809 1371 1896 hospitio
1393 1832 1450 1873 ceu
1465 1808 1617 1896 hospitali
1637 1808 1709 1873 loco
1723 1808 1864 1874 locandis

455 1922 489 1980 et
510 1911 709 1979 remanendis
732 1911 898 1996 sexaginta
920 1911 1073 1998 pondera,
1088 1912 1185 1998 vulgo
1209 1910 1312 1991 laid-ia,
1327 1912 1493 1999 glebarum
1509 1919 1542 1977 et
1560 1913 1698 1998 triginta
1713 1912 1865 2000 pondera,

456 2017 554 2104 vulgo
584 2014 687 2092 laidis,
712 2014 887 2079 carbonum
916 2017 1084 2079 annuatim
1115 2039 1171 2103 per
1201 2040 1258 2081 nos
1283 2024 1317 2082 et
1343 2040 1532 2081 successores
1559 2025 1684 2082 nostros
1714 2018 1747 2080 in
1777 2016 1865 2082 dicto

455 2121 598 2208 hospitio
613 2142 668 2182 ceu
685 2117 836 2205 hospitali
852 2117 924 2182 loco
946 2142 1005 2206 pro
1028 2121 1101 2205 igne
1116 2129 1149 2185 et
1165 2121 1236 2185 foco
1251 2121 1292 2185 ad
1308 2123 1515 2186 necessarium
1531 2144 1622 2186 usum
1639 2129 1673 2187 et
1687 2121 1864 2186 utilitatem

457 2224 615 2290 dictorum
632 2244 806 2309 pauperum
823 2221 865 2284 ad
880 2223 1033 2286 terminos
1048 2224 1185 2288 usitatos
1199 2232 1233 2289 et
1248 2226 1385 2290 maxime
1399 2225 1605 2290 necessarios:
1628 2227 1818 2290 Taurunum
1833 2233 1867 2290 et

459 2347 637 2392 nsaaunuu
653 2330 759 2388 totum
776 2330 810 2388 et
825 2325 985 2410 integrum
1002 2325 1163 2411 prefatum
1175 2328 1365 2415 hospitalem
1383 2329 1486 2393 locum
1500 2351 1557 2393 ceu
1568 2329 1757 2416 hospitium,
1770 2329 1867 2416 vulgo

458 2431 497 2496 lie
512 2428 695 2507 alanasloua,
710 2427 759 2492 vel
775 2427 924 2512 hospitali
938 2452 1010 2494 cum
1025 2430 1121 2496 horto
1137 2432 1275 2496 eiusdem
1291 2440 1325 2497 et
1347 2432 1480 2519 singulis
1495 2434 1559 2498 suis
1574 2434 1778 2521 pertinentiis
1794 2457 1865 2522 pre-

457 2535 594 2622 scriptis,
617 2534 762 2596 Unacurn
786 2531 881 2596 dictis
903 2535 1016 2598 annuis
1031 2534 1178 2614 decuriis,
1193 2536 1383 2616 redditibus,
1398 2538 1510 2624 glebis,
1526 2538 1716 2603 carbonibus
1734 2538 1868 2626 aliisque

456 2638 608 2728 predictis
636 2637 804 2700 annuatim
834 2644 868 2701 et
897 2639 1095 2704 terminatim
1126 2640 1338 2727 precipiendis
1363 2649 1397 2707 et
1423 2642 1565 2708 levandis
1591 2650 1630 2706 ut
1655 2644 1867 2730 premittitur,

459 2740 647 2808 Memoratis
669 2762 723 2803 sex
745 2739 872 2805 senibus
887 2741 1081 2827 pauperibus
1096 2744 1129 2806 in
1144 2742 1233 2808 dicto
1255 2745 1398 2832 hospitio
1413 2769 1468 2810 ceu
1489 2745 1641 2834 hospitali
1658 2746 1728 2810 loco
1743 2747 1869 2834 impon-

426 2889 429 2894 -
458 2846 547 2912 endis
568 2852 602 2911 et
625 2844 823 2908 remanendis
838 2867 1010 2932 eorumque
1033 2849 1260 2914 successoribus
1283 2850 1323 2915 de
1345 2851 1437 2916 uobis
1453 2860 1487 2917 et
1502 2850 1730 2916 successoribus
1752 2853 1869 2918 nostris

458 2948 650 3016 indubitatis
666 2947 867 3012 hereditariis
882 2951 1026 3036 patronis
1042 2953 1159 3038 prefati
1175 2953 1307 3041 hospitii
1323 2976 1380 3019 ceu
1395 2954 1575 3042 hospitalis,
1587 2954 1648 3019 loci
1661 2956 1693 3020 in
1705 2978 1819 3042 puram
1836 2962 1869 3020 et

459 3061 647 3144 perpetuam
669 3052 865 3118 elimosinam
885 3054 1132 3141 imperpetuum,
1148 3058 1208 3121 Per
1223 3081 1331 3123 omnes
1346 3066 1448 3123 rectas
1469 3067 1570 3123 metas
1586 3082 1657 3123 suas
1671 3061 1821 3146 antiquas
1836 3067 1870 3124 et

458 3159 574 3224 divisas
596 3163 694 3244 prout
713 3156 824 3242 jacent
847 3158 879 3220 in
903 3157 1106 3244 longitudine
1129 3168 1162 3224 et
1185 3159 1369 3240 latitudine,
1385 3163 1417 3226 iu
1434 3161 1594 3242 domibus,
1608 3162 1749 3241 edificiis,
1764 3164 1869 3228 bortis

459 3262 620 3352 pomariis,
636 3260 799 3338 clausuris,
814 3263 922 3339 muria,
937 3263 1077 3350 cepibuS,
1093 3263 1192 3329 libero
1208 3267 1347 3331 introitu
1369 3274 1403 3331 et
1421 3268 1511 3330 exitu
1526 3293 1532 3330 :
1561 3271 1611 3331 Ac
1633 3291 1704 3331 cum
1722 3267 1870 3331 omnibus

458 3366 528 3430 aliis
543 3373 577 3429 et
591 3365 736 3451 singuliis
748 3363 964 3444 libertatibus,
975 3367 1272 3446 commoditatibus,
1283 3370 1441 3456 proficuis,
1453 3369 1636 3434 asiamentis
1647 3392 1684 3434 ac
1696 3369 1795 3456 justis
1806 3369 1870 3432 suis

459 3469 661 3560 pertinentiis
698 3468 740 3533 ad
775 3468 936 3555 prefatum
963 3470 1138 3559 hospitium
1176 3495 1233 3536 ceu
1259 3471 1450 3559 hospitalem
1480 3471 1584 3535 locum
1614 3479 1648 3536 et
1678 3471 1720 3537 ad
1749 3495 1870 3536 annuas

460 3574 613 3651 devorias,
628 3596 737 3638 census
753 3581 786 3638 et
801 3573 944 3639 redditus
959 3578 1200 3664 suprascriptos,
1212 3600 1284 3641 cum
1297 3577 1360 3640 suis
1371 3577 1575 3664 pertinentiis
1586 3576 1805 3663 spectantibus
1816 3598 1870 3641 seu

456 3682 544 3769 juste
570 3686 712 3767 spectare
739 3677 918 3744 valentibus
941 3680 1185 3767 quomodolibet
1206 3683 1239 3745 in
1266 3681 1423 3756 futurum,
1446 3680 1554 3759 libere,
1577 3681 1696 3767 quiete,
1719 3680 1871 3768 plenarie,

460 3787 595 3870 integre,
606 3782 788 3860 honorifice,
798 3781 878 3848 bene
889 3791 924 3849 et
935 3785 968 3848 in
981 3807 1068 3871 pace,
1078 3785 1144 3848 sine
1153 3785 1263 3870 aliquo
1273 3784 1513 3871 impedimento,
1523 3785 1735 3861 revocatione,
1744 3791 1870 3849 contra·

461 3888 602 3954 dictione
630 3894 688 3951 aut
717 3886 883 3952 obstaculo
914 3911 1122 3975 quocunque:
1155 3889 1386 3953 FACIENDO
1417 3887 1491 3951 inde
1516 3888 1684 3952 annuatim
1711 3886 1790 3952 dicti
1817 3910 1872 3952 sex

460 4013 615 4081 pauperes
637 4014 723 4054 senes
746 4000 903 4058 eteorum
927 4014 1115 4056 successores
1138 4015 1244 4079 preces
1266 3998 1301 4055 et
1322 3991 1473 4076 suffragia
1488 3989 1540 4054 die
1562 3997 1596 4054 et
1614 3997 1708 4055 nocte
1730 3991 1872 4054 Domino

462 4098 533 4161 Deo
548 4095 773 4181 Omnipotenti
786 4119 845 4183 pro
856 4095 1002 4160 custodia
1011 4103 1044 4159 et
1054 4095 1235 4160 defensione
1244 4096 1311 4158 eius
1324 4093 1508 4158 universalis
1520 4093 1656 4172 ecclesie,
1669 4095 1800 4158 Necnon
1812 4116 1872 4181 pro

462 4199 564 4265 salute
579 4206 613 4262 et
628 4199 849 4264 incolumitate
865 4200 1011 4286 Supremi
1027 4199 1157 4263 Domini
1176 4199 1285 4263 Nostri
1302 4199 1400 4284 Regis
1422 4197 1538 4262 Jacobi
1554 4198 1615 4262 Dei
1631 4198 1737 4284 gratia
1752 4198 1873 4283 Magne

463 4304 619 4380 Britanie,
634 4304 661 4366 F
661 4304 766 4367 cancie
780 4310 815 4368 et
830 4304 987 4368 Hibernis
1003 4302 1139 4389 lideique
1154 4302 1337 4380 defensoris
1350 4304 1416 4366 eius
1432 4303 1539 4387 regina
1554 4323 1726 4388 eorumque
1741 4301 1872 4367 nobilis·

463 4410 540 4473 sime
564 4407 774 4495 posteritatis,
796 4431 833 4472 ac
860 4430 918 4495 pro
945 4408 1038 4471 huius
1061 4408 1150 4493 regni
1174 4407 1279 4471 Scotie
1302 4406 1439 4485 tutione,
1462 4428 1598 4469 unacum
1621 4406 1817 4469 incremento
1840 4412 1873 4469 et

463 4512 677 4602 prosperitate
703 4510 819 4575 nobilis
845 4518 879 4576 et
905 4512 1048 4598 potentis
1074 4510 1196 4576 domini
1221 4509 1359 4588 Claudii,
1385 4508 1507 4575 domini
1530 4508 1571 4573 de
1597 4507 1732 4596 Paislay,
1757 4508 1873 4574 Jacobi

464 4617 599 4684 Comitis
614 4615 654 4681 de
666 4614 851 4679 Abercorne
861 4623 934 4691 etc,
945 4617 993 4678 sui
1009 4616 1136 4703 nepotis
1147 4637 1339 4700 suorumque
1350 4613 1502 4678 heredum
1515 4611 1737 4690 masculorum,
1747 4611 1873 4678 domin·

465 4744 555 4787 orum
572 4718 700 4796 Pasleti‚
723 4725 889 4783 nostorum
910 4719 1119 4805 superiorum,
1137 4726 1171 4783 et
1193 4741 1252 4804 pro
1274 4718 1422 4781 auctione
1439 4715 1662 4804 prosperitatis
1676 4714 1755 4781 dicti
1778 4714 1874 4802 burgi

465 4826 566 4891 nostri
596 4831 630 4888 et
659 4846 719 4911 pro
748 4823 941 4909 sempiterna
970 4822 1073 4885 salute
1102 4829 1136 4886 et
1161 4820 1352 4908 quotidiana
1377 4821 1591 4908 prosperitate
1617 4819 1875 4904 magistratuum,

466 4930 666 5004 ballivorum,
711 4925 874 4994 consulum
919 4934 953 4992 et
993 4926 1135 4991 omnium
1177 4925 1381 5014 burgensium
1423 4933 1457 4992 et
1497 4923 1749 4990 inhabitantium
1793 4921 1874 4994 dicti
