4444 5952
470 796 534 863 112
831 794 1078 864 CHARTERS
1108 794 1206 863 AND
1236 794 1515 864 DOCUMENTS

470 988 607 1074 burgum
622 995 721 1074 prout
736 986 799 1051 illis
814 986 963 1075 expedire
980 986 1148 1052 videbitur.
1196 992 1246 1052 Ac
1268 988 1366 1052 etiam
1386 986 1492 1052 dictus
1509 987 1702 1052 Willielmus
1716 988 1875 1052 Dominus

468 1091 632 1157 Cochrane
646 1099 681 1156 et
697 1091 890 1156 Willielmus
906 1092 1065 1178 Magister
1079 1090 1232 1178 ejusdem,
1247 1091 1343 1156 ambo
1360 1092 1500 1157 vnanimi
1521 1115 1674 1157 consensu
1688 1099 1722 1156 et
1737 1114 1875 1169 assensu,

469 1219 528 1283 pro
550 1196 727 1282 semetipsis
748 1219 922 1282 eorumque
940 1194 1092 1284 predictis
1109 1194 1330 1273 vendiderunt,
1344 1195 1581 1284 disposuerunt,
1597 1197 1875 1273 renunciaverunt,

467 1299 709 1385 assignaverunt
734 1306 768 1365 et
794 1298 1087 1367 extmdonaverunt
1110 1298 1153 1363 ab
1179 1298 1241 1363 illis
1266 1322 1439 1387 eorumque
1465 1300 1688 1387 suprascriptis
1713 1298 1755 1363 ad
1780 1306 1815 1363 et
1840 1299 1874 1362 in

468 1402 606 1467 favorem
622 1401 782 1467 dictorum
801 1403 1004 1480 ballivorum,
1019 1402 1283 1480 consiliariorum,
1298 1403 1569 1468 thesaurariorum
1584 1410 1618 1468 et
1633 1403 1875 1467 communitatis

468 1505 547 1571 dicti
564 1505 657 1593 burgi
673 1529 846 1594 eorumque
860 1530 1071 1571 successorum
1095 1530 1155 1594 pro
1177 1506 1308 1596 publico
1330 1530 1387 1572 vsu
1408 1506 1562 1595 ejusdem,
1577 1514 1664 1572 totas
1686 1514 1720 1572 et
1734 1507 1876 1592 integras

468 1609 646 1673 leudilirme
660 1609 799 1675 divorias
814 1611 1041 1698 supracriptas,
1056 1612 1189 1697 antique
1204 1609 1341 1689 debitas,
1355 1610 1516 1697 obligatas
1530 1617 1565 1676 et
1580 1611 1713 1675 vsitatas
1731 1609 1822 1688 solvi,
1841 1616 1876 1673 et

468 1735 507 1777 ex
523 1736 561 1777 eo
575 1720 720 1801 tempore
739 1714 881 1801 personis
896 1715 1070 1801 respective
1084 1714 1388 1802 supramentionatis
1407 1713 1448 1778 de
1465 1721 1500 1780 et
1522 1737 1581 1803 pro
1603 1714 1692 1779 dicto
1712 1713 1816 1800 burgo
1836 1711 1876 1777 de

469 1816 608 1895 Pasleto‚
631 1815 791 1894 domibus,
815 1816 960 1904 edificijs,
985 1818 1099 1894 hortis,
1121 1818 1323 1897 tenementis,
1342 1818 1433 1895 acris,
1452 1817 1539 1882 rudis
1566 1824 1599 1882 et
1624 1816 1769 1905 percellis
1792 1823 1876 1881 terre

468 1918 610 2007 ejusdem
639 1919 801 1998 bondatis,
830 1920 1172 2008 comprehendentibus
1202 1928 1236 1985 et
1265 1920 1507 1985 excludentibus
1537 1928 1573 1985 vt
1603 1921 1773 2008 prefertur,
1802 1943 1873 1983 cum

469 2023 628 2110 prioribus
643 2030 677 2089 et
691 2025 850 2088 consuetis
866 2024 1042 2111 privilegijs
1063 2024 1148 2088 illius
1169 2025 1270 2111 partis
1292 2024 1439 2110 glebarij,
1462 2026 1501 2089 lie
1520 2026 1603 2089 Mos.
1623 2022 1702 2089 dicti
1721 2022 1815 2109 burgi
1835 2021 1876 2086 de

469 2126 596 2191 Pasleto
610 2127 751 2192 bondate
766 2135 804 2191 vt
818 2150 915 2215 supra
928 2128 1130 2216 exprimitur,
1146 2128 1179 2191 in
1199 2126 1332 2213 singulis
1347 2127 1518 2215 capitibus,
1532 2126 1676 2191 articulis
1691 2133 1726 2192 et
1740 2126 1873 2190 circum·

468 2229 599 2317 stantijs
613 2229 754 2317 ejusdem
770 2230 1024 2317 quibuscunque,
1039 2231 1072 2294 in
1087 2238 1246 2317 quantum
1269 2230 1351 2295 idem
1368 2238 1552 2296 contractus
1574 2229 1708 2294 fundare
1730 2228 1875 2306 titulum,

468 2333 610 2421 prebere,
634 2357 847 2422 propugnare,
872 2334 1077 2399 corroborare
1102 2342 1135 2399 et
1161 2334 1333 2398 fortificare
1358 2334 1481 2422 poterit
1509 2332 1707 2398 antedictam
1734 2334 1872 2419 resigna·

469 2438 590 2503 tionem
613 2437 732 2501 factam
755 2439 788 2502 in
812 2436 958 2502 manibus
981 2437 1139 2503 dictorum
1163 2438 1506 2502 commissionariorum
1528 2444 1721 2514 nostrorum,
1743 2460 1781 2501 ac
1803 2459 1874 2524 pre-

469 2548 590 2606 sentem
611 2542 694 2605 hanc
713 2549 835 2606 cartam
859 2549 1001 2607 nostram
1022 2551 1055 2607 et
1075 2543 1305 2607 inleofamentn
1323 2550 1358 2607 et
1375 2542 1452 2629 jura
1473 2540 1609 2629 desuper
1623 2539 1820 2628 expedienda
1842 2546 1876 2604 et

469 2645 670 2711 concedenda
685 2646 779 2711 dictis
794 2645 932 2727 ballivis,
947 2646 1157 2723 thesaurario,
1171 2646 1360 2733 consiliarijs
1382 2654 1416 2710 et
1438 2646 1663 2710 communitati
1678 2644 1758 2709 dicti
1781 2644 1875 2730 burgi

469 2751 570 2814 nostri
585 2749 625 2814 de
641 2749 769 2813 Pasleto
784 2773 933 2815 eorumve
947 2750 1186 2828 successoribus,
1201 2750 1390 2814 Tenendum
1406 2757 1439 2813 et
1454 2749 1638 2815 habendum
1654 2756 1761 2814 totum
1776 2756 1811 2812 et
1826 2749 1874 2813 in-

470 2860 597 2940 tegrum
623 2853 746 2918 dictum
772 2852 910 2940 burgum
938 2861 972 2919 et
996 2853 1105 2918 villam
1131 2853 1172 2918 de
1198 2853 1337 2930 Pasleto,
1351 2877 1440 2918 acras
1464 2852 1624 2939 burgales,
1645 2852 1775 2929 croftas,
1789 2859 1876 2917 tene·

471 2965 590 3036 menta,
605 2956 729 3036 domus,
743 2959 783 3022 lie
797 2959 1033 3022 burrowmnillis
1048 2964 1082 3021 et
1098 2965 1198 3021 terras
1220 2956 1259 3020 de
1281 2956 1431 3021 Seidhills
1446 2956 1549 3021 eidem
1564 2963 1750 3032 annexatas,
1773 2955 1876 3021 dictas

470 3059 648 3124 feudifirme
657 3059 795 3125 divorias
804 3066 838 3124 et
848 3060 1014 3146 glebarum
1029 3060 1067 3123 lie
1079 3060 1149 3124 Mos
1155 3060 1299 3147 jacentes
1310 3059 1469 3125 bondatas
1479 3067 1512 3124 et
1521 3066 1669 3146 exceptas
1679 3066 1714 3124 vt
1723 3058 1876 3146 prescrib-

471 3164 548 3240 itur,
563 3170 597 3227 et
612 3171 806 3250 potestatem
821 3171 855 3227 et
871 3163 1038 3251 privilegia
1052 3163 1079 3251 ej
1086 3162 1193 3227 uadem
1209 3162 1447 3251 particulariter
1461 3163 1767 3250 supramentionnta,
1783 3160 1877 3225 dictis

470 3265 608 3343 ballivis,
622 3266 820 3354 consilinrijs,
836 3266 1034 3331 thesaurario
1056 3274 1090 3330 et
1112 3267 1335 3331 communitati
1352 3266 1431 3332 dicti
1447 3266 1542 3352 burgi
1564 3288 1738 3351 eorumque
1758 3287 1877 3329 succes·

470 3370 604 3447 scribuS,
619 3370 660 3435 de
683 3371 775 3436 nobis
800 3378 835 3436 et
858 3370 1087 3435 successoribus
1109 3372 1227 3435 nostris
1250 3378 1404 3457 tanquam
1428 3370 1630 3458 Principibus
1645 3377 1678 3434 et
1694 3368 1877 3434 Senescallis

471 3475 589 3550 Scotie,
604 3475 636 3537 in
652 3474 753 3539 libera
767 3473 841 3539 alba
857 3476 948 3539 firma
962 3483 996 3540 et
1011 3474 1190 3539 hereditate
1206 3475 1454 3562 imperpetuum,
1469 3497 1527 3560 per
1541 3497 1649 3538 omnes
1664 3482 1766 3538 rectas
1779 3480 1878 3537 metas

471 3600 553 3655 suas,
567 3578 717 3663 antiquas
732 3585 766 3642 et
781 3577 907 3655 divisas,
923 3586 1021 3666 prout
1037 3579 1180 3665 jacentes
1203 3579 1237 3642 in
1259 3577 1463 3663 longitudine
1477 3585 1512 3643 et
1526 3577 1711 3654 latitudine,
1726 3578 1760 3641 in
1775 3577 1877 3641 domi·

471 3682 542 3760 bus,
556 3681 699 3767 edilicijs,
710 3682 823 3761 boscis,
835 3681 950 3770 planis,
961 3684 1069 3762 moris,
1085 3682 1254 3768 marresijs,
1266 3682 1336 3766 vijs,
1352 3681 1483 3759 semitis,
1498 3682 1601 3768 aquis,
1615 3682 1748 3767 stagnis,
1759 3681 1878 3757 rivolis,

472 3786 583 3873 pratis,
598 3787 722 3872 pascuis
736 3793 770 3850 et
785 3786 936 3873 pasturis,
956 3786 1157 3863 molendinis,
1180 3785 1341 3864 multuris,
1363 3808 1472 3849 eorum
1495 3784 1641 3871 sequelis,
1655 3785 1877 3872 aucupationi-

472 3890 542 3966 bus,
567 3889 801 3966 venationibus,
837 3890 1078 3977 piscationibus,
1117 3891 1261 3977 petarija
1292 3889 1440 3976 tubarijS,
1470 3889 1635 3967 cuniculis,
1665 3888 1878 3975 cunicularijs‚

471 3992 636 4070 columbis,
652 3993 868 4080 columbarijs,
883 3992 1062 4070 fabrilibus,
1081 3992 1225 4071 brasinis,
1248 3993 1384 4079 bruerijs
1405 4000 1440 4057 et
1461 3993 1605 4079 genistis,
1625 3992 1721 4068 silvis,
1743 3992 1878 4056 nemori-

472 4098 531 4162 bus
546 4104 579 4161 et
596 4096 755 4183 virgultis,
770 4097 876 4183 lignis,
892 4097 1002 4183 tignis,
1024 4097 1196 4184 lapicidijs,
1215 4097 1322 4184 lapide
1343 4104 1377 4160 et
1399 4095 1494 4175 calce,
1509 4119 1581 4160 cum
1597 4097 1692 4183 curijs
1714 4103 1748 4161 et
1769 4119 1878 4160 eorum

472 4200 622 4278 exitibus,
637 4199 808 4265 herezeldis
830 4208 864 4264 et
886 4199 1077 4277 bludewitis,
1096 4223 1167 4265 cum
1192 4201 1291 4277 furca,
1307 4200 1401 4276 fossa,
1423 4199 1508 4275 sock,
1531 4198 1617 4276 sack,
1639 4198 1734 4273 tholi,
1758 4198 1877 4276 thome,

473 4305 585 4384 wraclr,
601 4306 687 4381 wair,
703 4304 812 4381 waith,
827 4312 909 4382 uert,
927 4305 1109 4381 venuisaun,
1126 4305 1366 4391 outfangthieli‘,
1382 4304 1598 4389 infangthieff,
1614 4304 1681 4391 pitt
1696 4310 1730 4369 et
1744 4302 1878 4390 gallous‚

473 4431 544 4472 cum
560 4409 720 4472 communi
743 4415 886 4495 pastura,
900 4407 1065 4494 liberoque
1087 4408 1223 4472 introitu
1247 4416 1280 4473 et
1302 4409 1403 4487 exitu,
1425 4431 1462 4471 ac
1484 4430 1556 4471 cum
1579 4407 1727 4471 omnibus
1749 4406 1823 4493 alijs
1844 4414 1879 4471 et

473 4510 605 4597 singulis
620 4510 834 4589 libertatibus,
850 4511 1144 4592 commoditatibus,
1159 4512 1318 4599 proficuis,
1339 4511 1523 4575 asiamentis
1545 4534 1582 4575 ac
1600 4511 1697 4597 justis
1719 4511 1783 4574 suis
1809 4533 1879 4597 per·

473 4614 618 4678 tinentiis
633 4613 885 4701 quibuscunque,
900 4622 968 4678 tam
984 4637 1048 4677 non
1065 4614 1238 4680 nominatis
1253 4637 1349 4700 quam
1366 4614 1551 4692 nominatis,
1566 4621 1633 4677 tam
1659 4611 1772 4678 subtus
1796 4620 1880 4678 terra

473 4740 570 4803 quam
585 4741 681 4805 supra
697 4725 825 4796 terram,
839 4717 951 4805 procul
966 4724 1000 4782 et
1016 4740 1116 4805 prope
1130 4717 1172 4781 ad
1188 4717 1347 4805 predictas
1362 4724 1472 4795 terras,
1488 4739 1559 4781 cum
1576 4717 1778 4804 pertinentiis
1793 4740 1880 4803 spec-

474 4818 620 4884 tantibus
630 4820 781 4907 seujuste
792 4828 934 4906 spectare
950 4819 1129 4884 valentibus
1145 4819 1306 4906 quomodo
1321 4818 1402 4885 libet
1416 4821 1449 4884 in
1465 4819 1622 4895 futurum,
1637 4819 1746 4897 libere,
1761 4819 1880 4906 quiete,

474 4919 625 5007 plenarie,
640 4921 775 5007 integre,
788 4919 971 5000 honorifice,
983 4920 1063 4986 bene
1078 4929 1112 4985 et
1126 4921 1160 4985 in
1175 4944 1263 5009 pace,
1277 4921 1345 4984 sine
1359 4919 1468 5007 aliqua
1482 4920 1693 4998 revocatione,
1702 4919 1881 4985 contradic·
