4412 5948
677 833 735 895 OF
763 835 860 897 THE
890 834 1053 900 BURGH
1085 836 1142 898 OF
1171 837 1376 901 PAISLEY.
1696 837 1737 904 71

329 1012 502 1080 solidorum
529 1016 569 1081 de
591 1019 683 1082 terris
708 1017 749 1083 de
773 1019 904 1084 Corsbie
927 1020 1129 1099 leauendum,
1150 1044 1249 1086 unum
1271 1045 1414 1086 annuum
1435 1021 1596 1088 redditum
1621 1022 1737 1108 viginti

328 1117 502 1185 solidorum
517 1119 558 1185 de
573 1123 665 1188 terris
680 1123 720 1188 de
735 1123 917 1188 Auchinlek
931 1125 1183 1212 percipiendum,
1194 1126 1302 1190 omnia
1313 1126 1456 1213 jacentia
1471 1127 1555 1190 infra
1570 1125 1737 1191 ballietum

329 1220 369 1286 de
385 1223 595 1310 Kyleetewert
609 1234 644 1291 et
659 1228 916 1291 vicecomitatum
934 1237 1079 1295 nostrum
1096 1229 1135 1294 de
1151 1230 1223 1304 nir,
1234 1252 1331 1294 unum
1348 1253 1491 1294 annuum
1506 1229 1669 1295 redditum
1684 1252 1738 1294 sex

329 1324 482 1392 libromm
498 1337 639 1415 quatuor
651 1328 854 1395 denariorum
870 1331 909 1396 de
925 1333 1117 1397 monasterio
1140 1333 1180 1397 de
1202 1333 1403 1420 Corsreguell
1426 1357 1463 1398 ac
1485 1334 1578 1398 terris
1598 1333 1737 1398 eiusdem

329 1429 499 1496 leuandum
512 1433 695 1520 jacentibus
711 1435 794 1499 infre
810 1435 979 1501 balliatum
992 1435 1033 1500 de
1044 1437 1157 1501 Carrik
1170 1445 1205 1500 et
1217 1438 1475 1502 vicecomitatum
1492 1446 1635 1503 nostrum
1648 1445 1738 1502 ante-

329 1536 463 1615 dictum,
477 1563 619 1604 annuum
635 1540 795 1604 redditum
813 1563 867 1603 sex
882 1539 1056 1604 solidorum
1069 1548 1103 1604 et
1118 1548 1192 1606 octo
1203 1541 1406 1606 denariorum
1420 1542 1459 1607 de
1471 1543 1564 1607 terris
1575 1542 1614 1606 de
1632 1543 1739 1605 Hous-

328 1649 421 1720 toun,
432 1665 549 1706 annom
566 1642 727 1708 redditum
744 1666 798 1706 sex
812 1642 986 1707 solidorum
1004 1651 1079 1708 octo
1094 1643 1296 1709 denariorum
1313 1645 1353 1709 de
1368 1647 1461 1710 terris
1476 1646 1515 1710 de
1531 1643 1738 1710 Pottersfeild

328 1745 566 1832 percipiendum
581 1746 749 1831 jacentbus
765 1746 849 1810 inira
865 1746 1031 1811 baroniam
1046 1754 1081 1811 et
1096 1749 1354 1813 vicecomitatum
1370 1757 1515 1814 nostrum
1531 1748 1571 1813 de
1587 1749 1737 1812 Ronfrow

328 1870 424 1935 supra
439 1850 665 1936 specificatum,
676 1873 772 1914 unum
784 1873 927 1915 anrruum
940 1850 1102 1917 redditum
1116 1853 1260 1938 quinque
1271 1851 1444 1916 solidorum
1456 1852 1497 1917 de
1508 1859 1693 1916 tenemento
1704 1853 1737 1915 in

329 1952 479 2038 Glasgow
501 1952 542 2017 ad
564 1952 727 2039 quondam
752 1953 893 2017 Aianmn
917 1955 1053 2018 Stewart
1074 1956 1267 2040 pertinente,
1291 1978 1388 2019 unum
1412 1978 1553 2019 annuum
1575 1954 1736 2019 redditum

328 2057 471 2142 quinque
500 2056 671 2121 solidorum
698 2056 739 2121 de
770 2065 954 2122 tenemento
980 2058 1141 2144 quondam
1176 2058 1330 2123 Willelmi
1362 2039 1485 2123 Raxtar
1514 2060 1547 2123 in
1577 2058 1738 2145 Glongow,

328 2183 447 2224 annum
464 2161 624 2227 redditum
642 2162 757 2247 viginti
773 2185 827 2225 sex
842 2161 1016 2226 solidorum
1038 2171 1112 2227 octo
1134 2163 1337 2228 denariorum
1364 2163 1404 2228 de
1428 2170 1613 2228 tenemento
1639 2163 1672 2227 in
1698 2165 1738 2228 lie

328 2265 543 2329 Rottounrnw
572 2264 689 2329 ibidem
721 2263 972 2352 percipiendum,
1005 2288 1147 2330 annuum
1166 2251 1342 2331 ⁸redditum
1380 2267 1532 2331 tredecim
1563 2265 1736 2330 solidorum

328 2375 468 2454 quatuor
493 2367 694 2432 denariorum
722 2366 761 2431 de
788 2375 973 2433 tenemento
992 2367 1121 2453 jacente
1151 2391 1251 2455 prope
1278 2368 1382 2433 locum
1410 2370 1546 2434 fratrum
1571 2370 1736 2433 Minorum

328 2470 459 2550 ibidem,
474 2455 615 2536 annuuin
632 2470 791 2535 redditum
809 2473 952 2557 quinque
966 2470 1139 2535 solidorum
1164 2471 1204 2536 de
1226 2479 1411 2537 tenemento
1437 2474 1622 2558 Margarete
1645 2475 1737 2538 Scott
1775 2520 1780 2530 -

328 2575 458 2653 ibidem,
481 2599 580 2639 unum
603 2598 745 2639 annuum
773 2574 934 2639 redditum
960 2599 1014 2639 sex
1041 2575 1216 2640 solidorum
1243 2583 1318 2640 octo
1343 2576 1546 2640 denariorum
1574 2575 1615 2640 de
1645 2576 1737 2640 terris

328 2678 543 2744 ecclesiasticis
558 2678 597 2743 de
615 2678 759 2743 Rosneth
779 2677 962 2754 leuandum,
975 2701 1072 2742 unum
1089 2702 1229 2742 annuum
1248 2678 1407 2743 redditum
1418 2679 1599 2765 quindecim
1612 2677 1736 2742 denari·

329 2779 418 2846 orum
435 2781 475 2846 de
497 2785 686 2846 tenementis
710 2781 871 2869 quondam
896 2783 1027 2846 Jeannis
1049 2781 1201 2867 Bargillie
1227 2790 1260 2846 et
1284 2783 1408 2846 Thome
1432 2781 1575 2857 Walter,
1594 2804 1736 2847 annuum

329 2885 490 2950 redditum
506 2885 657 2951 tredecim
674 2885 847 2950 solidorum
871 2894 1011 2971 quatuor
1030 2884 1233 2950 denariorum
1254 2886 1294 2950 de
1317 2885 1501 2950 molendino
1523 2885 1563 2950 de
1586 2886 1736 2950 Ranirow

329 2989 579 3077 percipiendum,
615 3013 756 3054 annuum
794 2988 957 3052 redditum
991 2997 1113 3077 septem
1151 2989 1325 3054 solidorum
1363 2990 1403 3054 de
1440 2997 1624 3055 tenemento
1654 2997 1736 3054 terre

328 3092 489 3178 quondam
525 3093 743 3158 Bartholomei
777 3093 1001 3178 Montgumrie
1035 3093 1165 3170 ibidem,
1199 3117 1339 3157 annuum
1376 3092 1538 3158 redditum
1569 3092 1735 3157 duodecim

327 3196 530 3261 denariorum
569 3196 609 3261 de
647 3203 831 3261 tenemento
867 3195 1030 3282 quondam
1061 3197 1196 3261 Joennis
1231 3197 1390 3261 Tunnoch
1427 3196 1558 3272 ibidem,
1593 3218 1733 3261 annuum

327 3301 489 3366 redditum
516 3308 590 3365 octo
615 3300 817 3365 denariorum
842 3299 882 3363 de
908 3308 1091 3365 tenemento
1119 3300 1273 3364 Willelmi
1301 3304 1407 3388 Snype
1437 3301 1568 3377 ibidem,
1594 3323 1735 3365 annuum

327 3404 488 3470 redditum
512 3412 587 3468 octo
609 3403 780 3468 solidorum
806 3403 846 3467 de
871 3410 1054 3468 tenemento
1078 3403 1206 3468 Andree
1231 3404 1386 3482 Scheillis,
1406 3404 1481 3469 olim
1507 3404 1549 3468 ed
1573 3403 1735 3490 quondam

328 3509 503 3572 Henrieum
528 3507 664 3594 Fynneis
686 3509 868 3594 pertinente
892 3506 1021 3584 ibidem,
1043 3530 1185 3590 annuum
1212 3507 1372 3572 redditum
1397 3509 1538 3594 quinque
1561 3506 1735 3572 solidorum

327 3612 367 3676 de
382 3613 475 3677 terris
490 3611 530 3675 de
553 3610 741 3696 Monkdyke
763 3610 880 3675 ibidem
904 3610 1153 3697 percipiendum,
1168 3633 1310 3675 annuum
1333 3610 1493 3675 redditum
1510 3610 1646 3674 duorum
1662 3611 1736 3674 soli·

326 3714 439 3779 dorum
467 3714 507 3779 de
533 3723 716 3780 tenemento
740 3713 903 3800 quondam
929 3714 1065 3778 Roberti
1091 3717 1269 3802 Sympsoon
1297 3716 1329 3779 in
1357 3715 1569 3800 Rutherglen,
1593 3737 1733 3778 annuum

326 3819 487 3886 redditum
518 3819 658 3884 sedecem
688 3818 889 3883 denariorum
929 3819 968 3884 de
1001 3826 1184 3884 tenemento
1220 3820 1356 3883 «Ioannis
1394 3822 1571 3906 Sympsoun
1603 3817 1734 3894 ibidem,

326 3947 468 3990 annuum
495 3923 655 3989 redditum
684 3930 758 3988 octo
781 3922 983 3988 denariorum
1011 3923 1051 3987 de
1078 3931 1261 3988 tenemento
1285 3923 1429 4002 Wilelmi
1455 3923 1582 3987 Braidie
1605 3921 1735 4002 ibidem,

325 4052 467 4094 annuum
492 4027 651 4094 redditum
673 4028 788 4114 viginti
811 4026 1013 4092 denariorum
1037 4027 1076 4090 de
1103 4035 1287 4092 tenemento
1309 4029 1444 4093 Joannis
1465 4026 1580 4114 Hardy
1604 4027 1734 4104 ibidem,

325 4155 466 4198 annuum
479 4132 638 4196 redditum
649 4132 764 4218 viginti
776 4130 978 4195 denariorum
990 4130 1030 4195 de
1042 4137 1226 4194 tenemento
1236 4132 1370 4196 ioannis
1381 4132 1444 4195 Bar
1453 4130 1583 4210 ibidem,
1592 4152 1732 4195 annuum

325 4237 488 4302 redditum
505 4237 619 4323 viginti
637 4237 730 4301 unius
745 4234 947 4299 denariorum
963 4235 1003 4299 de
1019 4242 1202 4298 tenemento
1225 4237 1359 4299 Joonnis
1376 4234 1573 4310 Brekschaw,
1596 4234 1732 4299 Roberti

326 4342 495 4428 Simpsoun
521 4391 527 4406 .
552 4390 560 4406 .
585 4341 742 4428 equaliter
754 4341 838 4404 inter
849 4340 933 4427 ipsos
947 4339 1063 4402 ibidem
1076 4339 1275 4415 soluendum,
1287 4364 1323 4403 ac
1335 4363 1476 4403 annuum
1490 4339 1651 4403 redditum
1664 4363 1733 4426 sep-

326 4453 391 4509 tem
407 4445 608 4510 denariorum
625 4445 664 4508 de
680 4451 864 4509 tenemento
885 4444 1020 4507 Joannis
1036 4445 1131 4506 Mure
1147 4443 1277 4520 ibidem,
1293 4467 1433 4508 annuum
1454 4443 1615 4508 redditum
1632 4443 1732 4529 quod-

325 4551 454 4636 raginta
469 4549 641 4614 solidorum
658 4548 698 4612 de
713 4550 806 4613 terris
818 4547 1044 4624 ecclesiasticis,
1056 4549 1095 4611 iic
1110 4550 1146 4611 K
1145 4549 1309 4625 trinodis,
1321 4547 1361 4611 de
1377 4547 1535 4612 Killelane
1550 4548 1582 4610 in
1599 4546 1734 4634 Argyle,

325 4653 507 4730 leuandum,
517 4676 657 4717 annuum
672 4652 832 4717 redditum
845 4651 1060 4737 quadraginta
1072 4650 1245 4716 solidorum
1262 4651 1301 4715 de
1313 4653 1405 4716 terris
1417 4651 1456 4715 de
1468 4650 1687 4715 Strelochlene
1699 4651 1731 4715 in

325 4757 459 4844 Argyle,
470 4781 610 4822 annuum
622 4757 782 4822 redditum
795 4779 849 4820 sex
858 4754 1029 4819 solidorum
1043 4762 1117 4818 octo
1127 4754 1328 4822 denariorum
1341 4755 1380 4820 de
1390 4756 1482 4820 terris
1494 4754 1533 4819 de
1546 4752 1731 4819 Monkhous

325 4861 358 4925 in
367 4860 515 4938 Tuedall,
525 4885 666 4925 annuum
679 4861 840 4926 reddituro
853 4867 993 4946 quotuor
1004 4857 1179 4923 solidorum
1189 4859 1323 4924 duorum
1335 4859 1536 4925 denariorum
1547 4858 1587 4923 de
1596 4860 1635 4924 lie
1644 4861 1731 4925 Seri·

325 4967 466 5038 andland
476 4966 566 5031 ailrer
576 4965 663 5060 opud
675 4963 860 5048 Dorskeith,
870 4965 949 5028 Tres
960 4961 1058 5030 libras
1070 4985 1138 5031 cere
1149 4961 1189 5030 de
1199 4965 1291 5030 terris
1302 4962 1342 5027 de
1355 4963 1550 5056 Ryisholme,
1563 4971 1625 5029 tres
1634 4961 1731 5033 libros
