4412 5948
705 780 762 850 OF
791 785 888 849 THE
918 779 1081 850 BURGH
1113 781 1170 849 OF
1199 781 1403 852 PAISLEY.

355 1139 588 1204 13.-Clmrter
610 1140 654 1224 rff
666 1141 716 1204 tae
737 1141 885 1204 Freedom
907 1141 951 1225 (ff
965 1142 1014 1204 tlte
1032 1141 1147 1226 Burgli
1162 1143 1202 1227 ῳ(
1219 1143 1356 1226 Pataley,
1376 1143 1415 1227 of
1431 1143 1481 1205 tlte
1496 1141 1643 1206 Erection
1665 1142 1705 1226 (ff
1715 1141 1765 1206 tte

722 1244 1118 1321 same.—S'r1au1uo,19th
1135 1247 1277 1330 August,
1294 1247 1388 1310 1488.

355 1449 454 1514 Carta
468 1446 628 1512 libertatis
642 1448 737 1534 burgi
753 1447 793 1512 de
808 1448 933 1535 Paslay,
948 1448 988 1513 de
1002 1449 1160 1513 erectione
1175 1449 1325 1537 ejusdem.
1341 1447 1364 1488 ¹³

353 1636 553 1699 JACOBUS
570 1635 631 1699 Dei
646 1635 754 1721 gratia
767 1658 823 1699 rex
839 1636 1007 1699 Scotorum
1023 1634 1171 1699 omnibus
1186 1636 1295 1722 probis
1305 1635 1489 1700 hominibus
1501 1636 1604 1701 totius
1615 1643 1699 1700 terre
1710 1657 1765 1700 sue

353 1738 473 1804 clericis
488 1747 522 1804 et
537 1739 624 1803 laicis
639 1739 783 1804 salutem.
831 1739 944 1803 Sciatis
959 1738 1047 1824 quod
1063 1738 1105 1803 ob
1120 1738 1312 1826 singularem
1328 1739 1532 1804 devotionem
1556 1762 1652 1825 quam
1667 1738 1765 1803 habe-

355 1866 423 1908 mus
449 1842 588 1929 glorioso
615 1843 784 1907 confessori
809 1843 928 1906 Sancto
951 1843 1073 1906 Mirino
1096 1850 1130 1907 et
1154 1844 1346 1907 monasterio
1369 1851 1479 1908 nostro
1501 1842 1541 1907 de
1564 1843 1692 1907 Pasleto
1707 1865 1764 1930 per

354 1953 479 2010 nostros
494 1944 706 2010 nobilissimos
721 1947 941 2032 progenitores
951 1944 1101 2024 fundato,
1113 1944 1168 2009 uhi
1179 1945 1317 2032 plurima
1330 1947 1573 2033 progenitorum
1583 1953 1764 2010 nostrorum

354 2071 488 2137 corpora
509 2049 707 2136 sepeliuntur
728 2057 762 2113 et
784 2057 985 2135 requescunt,
1007 2056 1042 2113 et
1063 2049 1106 2114 ob
1128 2049 1302 2135 singulares
1317 2050 1456 2114 favorem
1473 2057 1507 2114 et
1521 2073 1661 2114 amorem
1684 2072 1765 2136 quos

352 2153 492 2238 gerimus
507 2151 678 2216 venerabili
702 2153 734 2215 in
758 2151 888 2216 Christo
910 2153 996 2238 patri
1021 2153 1161 2238 Georgia
1184 2153 1294 2216 Schaw
1318 2152 1564 2218 modemodicti
1580 2152 1765 2216 monasterii

353 2255 465 2322 abbati
490 2264 601 2321 nostro
620 2256 800 2320 consiliario
822 2257 968 2343 apprime
990 2255 1120 2334 dilecto,
1134 2280 1171 2320 ac
1195 2279 1254 2343 pro
1278 2256 1363 2320 fideli
1387 2256 1540 2342 obsequio
1562 2279 1619 2344 per
1641 2255 1764 2321 dictum

355 2359 564 2424 venerabilem
580 2366 705 2446 patrem
722 2359 814 2422 nobis
830 2359 1028 2446 temporibus
1047 2360 1214 2424 retroactis
1235 2359 1458 2447 multipliciter
1480 2361 1627 2448 prestito,
1646 2367 1680 2424 et
1694 2382 1765 2446 pre-

353 2464 446 2550 cipue
462 2462 504 2527 ob
520 2462 694 2526 virtuosam
710 2461 933 2526 educationem
948 2470 982 2528 et
998 2463 1209 2528 nutritionem
1226 2463 1377 2527 carissimi
1392 2463 1502 2527 fratris
1517 2463 1634 2527 nostris
1651 2461 1765 2526 Jacobi

354 2565 443 2630 ducis
454 2566 616 2629 Rossensis
628 2565 661 2628 in
674 2588 731 2628 sua
741 2572 852 2629 tenera
862 2572 961 2642 etate,
970 2565 1112 2643 fecimus,
1122 2565 1364 2643 infeodavimus,
1373 2566 1529 2630 ereximus
1538 2573 1572 2630 et
1581 2565 1766 2642 creavimus,

354 2692 390 2732 ac
403 2677 513 2734 tenore
527 2669 683 2755 presentis
697 2675 785 2732 carte
801 2675 908 2732 nostre
925 2669 1068 2747 facimus,
1079 2667 1288 2747 intendamus,
1300 2670 1451 2754 erigimus
1462 2677 1496 2733 et
1505 2691 1647 2732 creamus
1656 2667 1764 2731 villam

353 2771 393 2837 de
423 2772 561 2850 Pasleto‚
587 2772 748 2859 jacentem
780 2773 864 2836 inira
893 2773 1151 2837 vicecomitatum
1181 2779 1325 2837 nostrum
1360 2771 1400 2836 de
1434 2772 1597 2850 Reinfreu‚
1629 2771 1765 2836 liberum

353 2877 491 2962 burgum
508 2877 541 2940 in
557 2875 698 2940 baronia
745 2877 963 2940 Concessimus
977 2877 1075 2940 etiarn
1091 2876 1213 2940 dictum
1232 2876 1371 2962 burgum
1395 2875 1653 2940 inhabitantibus
1675 2882 1710 2939 et
1732 2875 1765 2938 in

353 2986 517 3066 posterum
533 2978 763 3043 inhabitaturis
778 2978 905 3065 plenam
921 2986 955 3043 et
970 2978 1102 3042 liberam
1118 2985 1313 3065 potestatem
1340 2978 1465 3043 emendi
1492 2985 1526 3042 et
1550 2976 1705 3042 vendendi
1732 2977 1765 3041 in

354 3083 424 3170 ipso
448 3081 553 3168 burgo
578 3082 664 3160 vina,
679 3104 794 3161 ceram,
817 3105 959 3169 pannum
986 3083 1111 3146 laneum
1136 3089 1171 3146 et
1194 3082 1324 3162 lineum,
1338 3081 1480 3169 amplum
1508 3104 1562 3145 seu
1588 3088 1707 3158 artum,
1732 3087 1767 3145 et

354 3209 541 3273 quecunque
556 3185 620 3250 alia
634 3185 719 3251 bona
734 3194 768 3251 et
784 3187 988 3250 mercimonia
1003 3186 1078 3250 illuc
1093 3185 1316 3262 advenientia;
1338 3208 1409 3251 curn
1431 3193 1593 3274 potestate
1615 3193 1649 3250 et
1671 3184 1766 3250 liber·

355 3299 423 3357 tate
438 3289 578 3355 habendi
594 3298 628 3355 et
643 3281 772 3355 tenendi
795 3290 914 3355 ibidem
937 3292 1084 3378 pistores,
1099 3291 1302 3370 brasiatores,
1316 3291 1477 3354 carnifices
1492 3297 1526 3354 et
1541 3297 1607 3354 tam
1623 3290 1766 3354 camium

354 3417 449 3481 quam
466 3395 600 3481 piscium
616 3393 811 3458 macellarios
838 3400 872 3458 et
897 3395 1022 3459 artium
1043 3416 1306 3480 quarumcunque
1331 3395 1503 3482 operarios,
1517 3393 1560 3458 ad
1583 3392 1766 3458 libertatem

354 3497 449 3584 burgi
472 3497 504 3560 in
520 3497 654 3561 baronia
672 3504 853 3584 spectantes
874 3519 929 3560 seu
953 3504 1097 3584 spectare
1121 3497 1263 3561 valentes
1287 3496 1531 3582 quomodolibet
1554 3497 1586 3560 in
1609 3496 1765 3561 futurum.

355 3601 572 3665 Concessimus
587 3601 686 3664 etiam
700 3599 911 3686 burgensibus
926 3607 959 3664 et
974 3600 1233 3666 inhabitantibus
1248 3599 1372 3665 dictum
1387 3599 1524 3686 burgum
1537 3598 1577 3663 de
1589 3598 1717 3664 Pasleto
1729 3605 1768 3665 ut

354 3705 388 3768 in
403 3705 473 3791 ipso
487 3702 591 3790 burgo
606 3702 798 3768 habeantet
820 3703 1004 3790 possideant
1031 3727 1153 3768 crucem
1179 3711 1213 3768 et
1237 3704 1341 3768 forum
1367 3727 1426 3791 pro
1438 3710 1610 3791 perpetuo
1633 3702 1767 3788 singulis

353 3805 539 3872 ebdomadis
554 3806 606 3871 die
621 3807 706 3883 lune,
722 3814 756 3872 et
779 3806 858 3871 duas
881 3807 1040 3871 nundinas
1064 3807 1209 3894 publicas
1236 3807 1383 3893 quolibet
1408 3829 1493 3870 anno
1519 3807 1768 3894 imperpetuum,

353 3907 450 3975 unam
474 3909 623 3974 videlicet
644 3910 678 3974 in
705 3910 757 3975 die
783 3911 893 3975 Sancti
920 3912 1033 3975 Mirini
1060 3919 1094 3976 et
1119 3911 1215 3975 aliam
1241 3911 1274 3974 in
1300 3910 1353 3975 die
1379 3911 1488 3975 Sancti
1513 3911 1668 3988 Memoci,
1694 3932 1767 3974 cum

354 4013 532 4080 theoloneis
544 4021 578 4077 et
593 4013 665 4077 aliis
680 4013 887 4079 libertatibus
898 4013 940 4078 ad
954 4014 1140 4101 hujusmodi
1152 4013 1312 4079 nundinas
1322 4013 1542 4102 spectantibus
1557 4037 1610 4078 seu
1626 4021 1769 4100 spectare

354 4117 535 4182 valentibus
559 4117 591 4180 in
616 4116 771 4181 futurum.
818 4117 1004 4182 Tenendam
1028 4125 1062 4182 et
1084 4117 1265 4182 habendam
1280 4118 1439 4204 prefatam
1461 4117 1568 4181 villam
1585 4117 1625 4182 de
1640 4115 1769 4181 Pasleto

354 4222 519 4309 perpetuis
548 4219 667 4285 futuris
696 4221 897 4308 temporibus
927 4223 960 4285 in
995 4245 1117 4286 merum
1154 4229 1188 4287 et
1225 4221 1362 4287 liberum
1394 4221 1532 4307 burgum
1569 4221 1602 4285 in
1636 4219 1769 4284 baronia

353 4348 425 4390 eum
466 4323 619 4413 predictis
657 4325 843 4411 privilegiis,
880 4324 1098 4403 libertatibus,
1140 4325 1394 4390 concessionibus
1434 4349 1471 4389 ac
1508 4325 1661 4389 universis
1697 4324 1769 4388 aliis

353 4428 571 4508 libertatibus,
608 4429 767 4515 proficuis,
805 4429 1101 4508 commoditatibus,
1136 4430 1320 4494 asiamentis
1357 4437 1392 4493 et
1424 4429 1522 4515 justis
1541 4411 1768 4515 'pertenentiis

353 4532 598 4620 quibuscunque
628 4538 696 4596 tam
727 4555 791 4595 non
816 4533 991 4596 nominatis
1014 4555 1112 4619 quam
1138 4533 1312 4598 nominatis
1338 4533 1380 4596 ad
1406 4532 1544 4618 burgum
1571 4533 1604 4596 in
1635 4531 1769 4596 baronia

354 4635 577 4724 spectantibus
609 4658 664 4699 seu
697 4635 786 4722 juste
823 4644 966 4723 spectare
1003 4635 1184 4701 valentibus
1214 4638 1246 4700 in
1284 4636 1442 4714 futurum,
1472 4643 1506 4702 et
1542 4635 1623 4700 adeo
1659 4634 1769 4714 libere,

434 4917 549 4972 ”Torva
561 4917 705 4972 Archivas.
746 4917 811 4988 Rea.
826 4917 949 4986 Μαι,
964 4920 1026 4973 263.
1066 4918 1130 4990 Req.
1147 4918 1402 4989 Ma9.sq.,1⁷6a
1442 4918 1506 4974 Vol.
1524 4919 1685 4974 1424-1513.
