4412 5948
685 821 742 886 OF
770 822 868 885 THE
897 821 1060 885 BURGH
1092 820 1149 884 OF
1178 821 1383 886 PAISLEY.
1640 909 1645 917 Ι
1699 823 1742 889 89

332 1008 525 1098 beneplaciti
548 1009 694 1086 fundare,
709 1009 828 1094 erigere
848 1015 882 1071 ct
905 1007 1106 1083 mortificare,
1129 1008 1162 1071 in
1185 1006 1275 1071 dicto
1297 1015 1407 1072 nostro
1430 1006 1533 1092 burgo
1555 1014 1589 1072 et
1603 1007 1681 1073 villa
1701 1007 1743 1074 de

333 1114 470 1202 Paislay‚
485 1137 583 1178 unum
600 1113 704 1176 locum
728 1111 895 1200 hospitalis
917 1134 974 1174 ceu
996 1110 1141 1198 hospicii,
1159 1110 1254 1197 vulgo
1276 1113 1315 1175 lic
1337 1113 1508 1176 olnreahour
1522 1111 1571 1176 vel
1587 1114 1742 1200 hospitali,

333 1240 417 1281 nunc
439 1219 556 1283 nostris
578 1216 759 1304 sumptibus
781 1214 965 1279 edificatum
980 1220 1014 1278 et
1029 1220 1247 1279 constructum
1263 1213 1350 1301 apud
1371 1213 1598 1280 occidentalem
1613 1223 1742 1305 portam

196 1363 205 1370 -
333 1321 411 1386 dicti
438 1322 538 1385 nostri
564 1320 658 1406 burgi
680 1343 719 1383 ex
743 1319 862 1384 boreali
885 1325 979 1406 parte
1001 1341 1057 1382 ceu
1084 1317 1183 1382 latere
1206 1317 1357 1395 eiusdem,
1379 1341 1450 1382 cum
1474 1318 1570 1384 horto
1592 1321 1743 1407 contigue

333 1424 512 1512 adjacente,
528 1425 746 1489 continentem
763 1424 795 1486 in
812 1421 1015 1508 longitudine
1030 1429 1065 1486 et
1080 1421 1255 1487 latitudine
1269 1446 1305 1485 ac
1322 1421 1498 1488 bondatum
1516 1430 1549 1488 et
1567 1422 1742 1489 limitatum

332 1536 371 1593 ut
385 1530 541 1616 sequitur,
554 1527 710 1604 videlicet,
726 1527 812 1591 inter
826 1533 1045 1591 tenementum
1057 1532 1091 1588 et
1106 1533 1224 1589 terram
1240 1549 1325 1590 nunc
1340 1527 1552 1613 pertinentem
1566 1527 1608 1592 ad
1621 1528 1742 1613 Magis·

332 1639 420 1696 trum
435 1634 458 1695 J
459 1654 593 1696 oannem
611 1633 693 1695 Vaus
708 1653 747 1694 ex
762 1629 922 1706 orientali,
938 1629 1099 1717 publicam
1113 1629 1195 1693 viam
1211 1630 1330 1716 regiam
1343 1653 1381 1694 ex
1393 1630 1536 1708 australi,
1548 1653 1665 1695 novum
1681 1632 1744 1696 iter

332 1744 366 1802 et
381 1737 560 1824 passagium
577 1757 661 1799 nunc
677 1757 734 1821 per
748 1757 806 1798 nos
829 1734 955 1798 noviter
976 1734 1097 1797 factum
1120 1740 1155 1798 et
1178 1732 1362 1797 ordinatum
1386 1733 1584 1799 ascendendo
1610 1758 1630 1798 a
1655 1734 1744 1800 dicta

333 1839 462 1927 publica
492 1841 543 1904 via
572 1839 660 1926 regia
688 1838 730 1903 ad
761 1839 824 1903 iter
853 1845 888 1903 et
917 1837 1119 1924 passuagium
1150 1836 1190 1901 de
1221 1838 1375 1901 Oxschaw
1405 1837 1490 1902 inter
1518 1837 1641 1903 dictum
1671 1838 1743 1904 hos-

332 1945 450 2032 pitium
477 1944 607 2008 hortum
637 1949 671 2007 et
701 1949 819 2007 terram
849 1949 991 2006 nostram
1021 1965 1060 2005 ex
1091 1941 1238 2006 orientali
1269 1949 1304 2007 et
1333 1948 1434 2006 terras
1463 1942 1577 2007 Jacobi
1608 1944 1744 2009 Stewart

334 2049 512 2135 nuncupati
527 2047 568 2112 de
583 2045 785 2111 Caversbank
809 2069 846 2110 ac
868 2044 1033 2130 burgensis
1048 2043 1128 2109 dicti
1146 2045 1239 2131 burgi
1255 2069 1293 2109 ex
1309 2044 1510 2123 occidentali,
1526 2047 1742 2111 continentem

335 2152 369 2215 in
385 2150 559 2216 latitudine
889 2155 973 2212 terre
988 2171 1028 2212 ex
1043 2147 1244 2226 occidentali,
1260 2150 1306 2213 Et
1321 2148 1423 2213 dictas
1438 2156 1539 2214 terras
1554 2172 1639 2214 nunc
1652 2149 1744 2216 nobis

334 2256 531 2342 pertinentes
546 2278 585 2321 ex
601 2252 721 2318 boreali
738 2251 895 2339 partibus,
907 2253 1125 2317 continentem
1141 2254 1174 2316 in
1190 2252 1296 2317 fronte
1311 2253 1463 2318 anteriori
1478 2259 1622 2317 austrum
1639 2276 1744 2319 versus

892 2357 926 2420 in
942 2355 1126 2433 latitudine,
1148 2359 1195 2420 Et
1210 2357 1244 2420 in
1260 2355 1463 2442 longitudine
1478 2380 1498 2420 a
1511 2356 1600 2421 dicta
1615 2356 1745 2444 publica

335 2464 386 2528 via
400 2464 489 2549 regia
502 2463 544 2528 ad
559 2461 662 2527 dictas
679 2470 778 2527 terras
794 2469 918 2525 nostras
1256 2462 1304 2526 IN
1318 2461 1514 2548 quoquidem
1530 2461 1671 2549 hospitio
1686 2485 1744 2528 ceu

334 2566 498 2654 hospitali,
512 2567 582 2630 loco
598 2565 695 2652 vulgo
710 2567 750 2630 lic
764 2566 935 2629 almcsboaar
950 2563 999 2628 vel
1014 2566 1172 2651 hospi-tall,
1186 2587 1239 2628 sex
1254 2587 1341 2628 senes
1357 2565 1440 2629 viros
1456 2587 1609 2652 pauperes
1624 2564 1744 2631 debiles

332 2669 600 2736 adlaborandum
616 2671 811 2756 impotentes
827 2668 875 2732 vel
889 2669 996 2755 plures
1011 2669 1036 2732 si
1052 2669 1225 2754 contigerit
1247 2691 1307 2755 pro
1329 2670 1477 2756 potentia
1499 2670 1744 2735 sustentationis

333 2775 553 2862 subsequentis
568 2781 749 2840 nostrorum
766 2773 1032 2860 conburgensium
1056 2780 1090 2838 et
1111 2772 1366 2838 inhabitantium
1381 2772 1460 2838 dicti
1478 2773 1570 2859 burgi
1587 2775 1689 2840 nostri
1704 2773 1744 2840 de

335 2877 473 2954 Pasleto,
488 2879 550 2958 Qui
566 2901 638 2943 cum
654 2879 717 2941 suis
732 2875 960 2941 successoribus
972 2876 1149 2941 induantur
1160 2877 1246 2962 togis
1261 2875 1427 2954 talaribus,
1440 2877 1556 2941 tunicis
1567 2884 1601 2945 ct
1615 2876 1743 2964 galleris

333 2983 433 3069 nigris
448 2982 498 3046 vel
512 2981 636 3046 ceruliis
651 3004 690 3046 ex
706 2981 883 3068 prescripto
897 2979 1057 3044 dictorum
1073 2979 1275 3057 ballivorum,
1290 2979 1454 3044 consulum
1477 2987 1511 3045 et
1533 3002 1744 3046 successorum

335 3109 462 3151 suorum
489 3109 547 3173 pro
572 3084 839 3172 quorumquidem
866 3085 1109 3163 sustentatione,
1135 3085 1256 3150 amictu
1280 3092 1314 3150 et
1335 3082 1515 3173 provisione
1541 3085 1574 3149 in
1597 3084 1744 3150 omnibus

335 3191 515 3256 necessariis
529 3197 569 3255 ut
583 3190 737 3276 sequitur,
754 3191 836 3253 NOS
850 3211 908 3275 pro
924 3189 1015 3254 nobis
1030 3196 1064 3254 et
1079 3189 1306 3254 successoribus
1321 3191 1438 3254 nostris
1453 3188 1609 3268 dedimus,
1621 3211 1745 3254 conces-

335 3297 442 3374 simus,
456 3294 678 3382 disposuimus,
698 3294 970 3372 mortificavimus,
984 3293 1166 3359 dotavimus
1189 3300 1223 3358 et
1246 3317 1305 3381 pro
1320 3300 1476 3381 perpetuo
1491 3294 1745 3359 confirmavimus

336 3407 508 3484 tenoreque
529 3398 721 3485 presentium
744 3396 867 3474 damus,
890 3396 1101 3474 concedimus,
1117 3397 1326 3484 disponimus,
1341 3397 1580 3474 mortificamus,
1594 3397 1745 3462 dotamus

334 3510 369 3568 et
392 3525 451 3590 pro
478 3509 633 3589 perpetuo
656 3501 878 3564 confirmamus
905 3501 938 3565 in
961 3523 1072 3589 puram
1097 3507 1131 3566 et
1156 3507 1344 3588 perpetuam
1369 3500 1567 3565 elimosinam
1593 3501 1745 3589 predictis

335 3599 399 3672 sen¹
412 3606 538 3671 senibus
564 3603 758 3693 pauperibus
779 3611 936 3670 eteorum
953 3604 1181 3670 successoribus
1197 3604 1246 3669 vel
1269 3605 1415 3691 pluribus
1435 3627 1495 3693 pro
1516 3607 1665 3692 potentia
1679 3629 1746 3670 sus·

335 3711 525 3776 tentationis
548 3709 726 3796 subscripta
753 3707 895 3774 locandis
920 3717 955 3774 et
977 3708 1179 3798 imponendis
1202 3711 1235 3773 in
1258 3710 1346 3773 dicto
1368 3709 1511 3796 hospitio
1526 3709 1575 3773 vel
1591 3709 1744 3797 hospitali

335 3816 404 3881 loco
420 3838 477 3903 per
492 3837 548 3879 nos
563 3821 597 3879 et
611 3835 801 3878 successores
824 3821 948 3878 nostros
971 3821 1126 3902 tanquam
1151 3813 1352 3879 indubitatos
1367 3812 1576 3878 hereditarios
1592 3822 1746 3901 patronos

335 3919 452 4007 prefati
463 3918 596 4005 hospitii
608 3915 656 3980 vel
669 3915 836 4004 hospitalis
848 3916 920 3995 loci,
933 3917 1029 4003 vulgo
1040 3918 1211 3982 ulmcslvoua
1220 3940 1277 3981 ceu
1288 3917 1444 4004 lwepitdl,
1456 3916 1617 4004 prefatum
1629 3916 1745 3996 locum,

336 4024 530 4087 mansionem
556 4028 590 4087 et
613 4020 744 4085 domum
770 4020 850 4086 dicti
877 4020 1045 4107 hospitalis
1067 4020 1127 4085 loci
1151 4027 1185 4085 et
1207 4021 1339 4108 hospitii
1362 4043 1421 4108 per
1439 4043 1497 4084 nos
1511 4021 1656 4108 perprius
1671 4044 1745 4086 con·

335 4133 492 4192 structum
508 4131 542 4190 et
556 4125 751 4202 edificatum,
763 4147 833 4188 cum
851 4124 946 4189 horto
961 4123 1100 4189 eiusdem
1116 4131 1150 4189 et
1165 4124 1298 4210 singulis
1312 4125 1377 4188 suis
1391 4123 1549 4211 partibus,
1559 4124 1746 4212 privilegiis,

335 4227 899 4316 clausuris,muris,cepibus,aliisque
909 4229 1290 4315 pertinentiisaddictum
1301 4229 1478 4316 hospitium
1487 4251 1544 4292 ceu
1553 4229 1745 4316 hospitalem

335 4334 441 4400 locum
463 4332 683 4422 spectantibus
705 4340 740 4398 et
761 4332 998 4420 pertinentibus
1022 4333 1200 4398 bondatum
1224 4340 1258 4398 et
1277 4333 1450 4419 jacentem,
1473 4340 1512 4398 ut
1533 4333 1746 4420 premittitur,

336 4462 471 4505 unacum
498 4439 613 4503 annuis
638 4438 775 4502 devoriis
801 4436 1039 4526 particulariter
1064 4438 1195 4502 inferius
1221 4438 1396 4526 expressis;
1427 4436 1585 4525 videlicet,
1612 4437 1746 4504 cuilibet

336 4541 496 4608 dictorum
511 4564 566 4606 sex
580 4543 702 4606 senium
717 4542 884 4605 annuatim
901 4541 1118 4628 quadraginta
1140 4563 1260 4607 marcas
1283 4548 1410 4607 monete
1431 4540 1520 4628 regni
1544 4541 1651 4605 Scotie
1668 4541 1746 4628 ipsis

336 4654 369 4712 et
384 4645 611 4711 successoribus
626 4646 689 4710 suis
704 4645 831 4712 senibus
854 4645 887 4709 in
909 4644 999 4711 dicto
1020 4645 1162 4733 hospitio
1184 4653 1219 4711 et
1239 4643 1393 4732 hospitali
1415 4643 1486 4710 loco
1508 4645 1746 4710 remanentibus

336 4775 393 4839 per
407 4775 465 4816 nos
479 4758 513 4817 et
527 4773 715 4816 successores
730 4757 856 4815 nostros
871 4749 1046 4827 solvendas,
1058 4773 1116 4838 per
1127 4749 1334 4838 particulares
1345 4750 1508 4837 portiones
1519 4757 1554 4815 et
1564 4749 1745 4828 divisiones,

336 4855 460 4935 dietim,
476 4855 739 4920 hebdomadatim
755 4855 804 4920 vel
819 4853 967 4942 quolibet
982 4877 1087 4920 mense
1102 4853 1144 4918 ad
1158 4855 1260 4920 nostri
1281 4861 1315 4919 et
1337 4875 1546 4919 successorum
1562 4861 1745 4919 nostrorum

336 4959 465 5028 libitum
492 4966 526 5024 et
548 4959 713 5050 optionem
739 4959 919 5035 annuatim,
944 4981 1019 5023 vero
1041 4957 1259 5046 percipiendas
1284 4965 1319 5024 et
1343 4956 1493 5024 levandas
1514 4956 1554 5023 de
1578 4958 1689 5044 primis
1711 4965 1746 5025 et
