4412 5948
689 787 746 854 OF
774 787 872 855 THE
901 788 1065 855 BURGH
1096 788 1153 854 OF
1183 789 1388 858 PAISLEY.
1704 791 1747 856 35

338 973 395 1059 qui
411 972 581 1061 burgenses
595 983 630 1040 et
644 975 900 1062 stallangiatores
915 983 1072 1042 eteorum
1087 976 1205 1064 singuli
1220 976 1263 1041 ad
1277 999 1387 1041 eorum
1403 976 1575 1042 introitum
1586 975 1747 1064 jurabunt

337 1075 526 1143 fidelitatem
542 1077 708 1144 observare
723 1101 872 1167 supremo
886 1078 1018 1144 domino
1040 1087 1152 1144 nostro
1167 1080 1250 1166 Regi
1272 1080 1400 1166 suisque
1421 1079 1650 1152 successoribus
1663 1079 1746 1166 regi·

337 1177 397 1243 bus
426 1181 544 1259 Scotie,
572 1205 695 1248 necnon
725 1180 902 1247 Senescallo
932 1184 1039 1248 Scotie
1068 1184 1196 1270 suisque
1232 1181 1401 1248 heredibus
1437 1189 1472 1248 et
1509 1181 1748 1262 successoribus,

335 1305 373 1346 ac
387 1283 480 1348 nobis
495 1284 620 1351 Abbati
636 1294 670 1352 et
684 1286 855 1351 conventui
871 1292 905 1351 et
919 1287 1147 1352 successoribus
1163 1287 1290 1364 nostris,
1305 1310 1342 1352 ac
1356 1284 1454 1352 dictis
1470 1285 1596 1352 ballivis
1611 1293 1645 1352 et
1660 1309 1746 1351 com·

337 1387 491 1453 munitati
513 1394 547 1452 et
569 1389 708 1455 utilitati
733 1391 895 1454 communi
921 1390 1000 1455 dicti
1026 1390 1133 1478 burgi,
1159 1397 1258 1479 prout
1283 1389 1457 1477 burgenses
1482 1389 1516 1454 in
1542 1389 1614 1454 aliis
1636 1389 1747 1476 burgis

338 1489 462 1555 faciunt
476 1513 530 1556 seu
545 1492 648 1557 iacere
662 1500 901 1558 consueverunt.
948 1494 1083 1582 insuper
1103 1493 1216 1558 damus
1240 1501 1273 1559 et
1297 1493 1500 1558 concedimus
1523 1493 1692 1582 Preposito
1714 1499 1748 1558 et

337 1591 464 1658 ballivis
485 1594 565 1660 dicti
588 1595 682 1682 burgi
708 1619 766 1685 per
794 1619 851 1661 nos
881 1619 941 1685 pro
964 1603 1111 1685 ternpore
1136 1596 1290 1683 eligendis
1316 1605 1350 1662 et
1373 1619 1484 1661 eorum
1507 1595 1748 1676 successoribus,

337 1694 470 1762 liberam
486 1706 682 1786 potestatem
700 1701 802 1764 curies
825 1699 973 1786 burgales
990 1699 1070 1765 dicti
1091 1700 1187 1786 burgi
1213 1700 1356 1778 tenendi,
1370 1699 1555 1781 inchoandi,
1569 1699 1747 1765 affirmandi

337 1806 372 1865 et
386 1801 506 1866 totiens
521 1803 669 1888 quotiens
684 1825 765 1890 opus
779 1803 878 1868 fuerit
897 1804 1120 1882 continuandi,
1134 1804 1240 1868 exitus
1259 1811 1294 1869 et
1315 1804 1562 1868 amerciamenta
1587 1803 1747 1869 dictarum

337 1904 496 1970 curiarum
511 1905 649 1987 levandi,
663 1906 810 1972 absentes
824 1906 1028 1985 amerciandi,
1043 1915 1288 1994 transgressores
1302 1914 1336 1973 et
1348 1907 1570 1995 delinquentes
1581 1905 1748 1995 puniendi,

338 2008 511 2074 secundum
526 2017 652 2076 statuta
674 2018 707 2076 et
733 2009 817 2098 leges
842 2010 1030 2098 burgorum,
1045 2018 1079 2076 et
1104 2009 1145 2075 ad
1172 2010 1353 2098 eligendum
1380 2010 1555 2098 serjandos,
1570 2010 1748 2090 officiarios,

339 2113 512 2190 ministros,
525 2121 708 2200 gustatores
722 2115 852 2179 cervisie
866 2122 902 2179 et
917 2115 994 2192 vini,
1008 2138 1044 2179 ac
1066 2115 1301 2203 appreciatoree
1319 2115 1474 2193 carnium,
1488 2122 1523 2180 et
1548 2114 1628 2179 alios
1653 2114 1748 2179 servi-

338 2222 424 2281 tores
448 2239 655 2304 quoscunque
681 2240 740 2305 pro
765 2217 869 2304 burgo
898 2219 1097 2298 necessarios,
1119 2225 1218 2306 prout
1244 2219 1278 2282 in
1304 2217 1375 2282 aliis
1401 2217 1511 2304 burgis
1536 2219 1694 2284 statuitur
1715 2224 1750 2283 et

339 2319 517 2398 ordinatur,
533 2321 704 2387 secundum
721 2322 784 2386 vim
801 2329 835 2385 et
850 2323 985 2386 formam
1000 2328 1035 2387 et
1055 2330 1210 2401 tenorem,
1224 2344 1291 2409 quo
1310 2321 1353 2386 ad
1376 2322 1591 2386 extensionem
1609 2321 1749 2410 predict·

338 2446 430 2488 arum
445 2422 645 2503 libertatum,
661 2431 700 2490 ut
714 2426 748 2489 in
764 2432 853 2490 carta
867 2424 947 2490 dicti
963 2427 1102 2512 supremi
1118 2426 1240 2491 domini
1263 2426 1365 2491 nostri
1389 2425 1489 2512 Regis
1514 2423 1554 2490 de
1580 2423 1749 2512 privilegio

339 2525 418 2591 dicti
433 2526 529 2613 burgi
543 2528 577 2591 in
592 2527 726 2593 baronia
741 2529 833 2594 nobis
847 2535 882 2594 et
893 2529 1122 2594 successoribus
1133 2530 1250 2594 nostris
1261 2551 1406 2594 concessa
1418 2527 1543 2616 plenius
1553 2529 1746 2595 continetur.

340 2630 474 2718 Insuper
487 2630 600 2695 damus
615 2638 649 2696 et
664 2631 865 2697 concedimus
880 2631 1007 2697 ballivis
1022 2632 1102 2698 dicti
1117 2633 1212 2719 burgi
1228 2640 1285 2721 per
1300 2655 1357 2697 nos
1371 2638 1406 2697 et
1420 2655 1608 2697 successores
1623 2639 1749 2698 nostros

339 2731 493 2820 eligendis
508 2733 685 2822 plenarium
702 2743 897 2823 potestatem
913 2759 968 2801 seu
983 2736 1171 2802 facultatem
1187 2736 1333 2823 capiendi
1356 2743 1391 2800 et
1413 2735 1585 2823 recipiendi
1609 2736 1749 2823 resigna-

340 2836 443 2902 tiones
458 2838 600 2902 omnium
617 2845 652 2904 et
666 2838 863 2926 singularum
880 2846 1035 2904 terrarum
1052 2862 1197 2904 acrarum
1213 2846 1246 2903 et
1261 2846 1517 2903 tenementorum
1539 2839 1623 2903 infra
1643 2839 1749 2926 ipsum

339 2939 477 3028 burgum
489 2941 680 3028 jacentium,
695 2950 728 3008 et
743 2943 874 3007 saisinas
890 2951 928 3009 ut
943 2943 1039 3007 moris
1054 2951 1103 3008 est
1118 2944 1151 3007 in
1167 2943 1271 3030 burgo
1287 2942 1439 3007 uxoribus
1462 2942 1538 3030 ipsis
1559 2941 1749 3030 possidenti·

339 3042 399 3109 bus
413 3066 468 3108 seu
484 3044 565 3110 veris
579 3044 750 3111 heredibus
764 3045 937 3111 eorundem
960 3047 1102 3112 conferre
1123 3053 1157 3111 et
1180 3045 1366 3125 deliberare,
1381 3044 1557 3110 dummodo
1581 3044 1668 3110 nulle
1687 3045 1749 3110 alie

339 3169 472 3234 persone
487 3148 635 3212 saisinam
650 3148 730 3214 dent
747 3173 849 3236 neque
869 3150 1116 3236 resignationem
1143 3149 1309 3237 recipient,
1325 3149 1442 3213 nostris
1465 3149 1532 3213 sine
1555 3171 1693 3214 consenu
1715 3155 1749 3214 et

339 3273 467 3315 assensu
481 3250 616 3340 desuper
631 3253 744 3340 petitis
759 3260 792 3317 et
807 3253 957 3318 obtentis.
1005 3252 1158 3317 Volumus
1173 3254 1271 3318 etiam
1292 3251 1382 3340 quod
1403 3251 1483 3318 dicti
1509 3252 1694 3339 Prepositus
1715 3259 1750 3317 et

339 3353 450 3420 ballivi
472 3354 552 3421 dicti
575 3353 670 3442 burgi
694 3357 861 3421 annuatim
885 3356 929 3420 ad
956 3357 1129 3421 terminum
1156 3363 1191 3422 et
1216 3356 1336 3420 curiam
1362 3354 1403 3420 de
1425 3356 1499 3442 jure
1525 3356 1609 3421 infra
1630 3355 1750 3442 burgos

339 3455 513 3522 limitatam
528 3481 586 3546 per
600 3458 768 3524 concilium
784 3467 928 3524 nostrum
944 3467 979 3524 et
992 3482 1204 3524 successorum
1222 3467 1367 3524 nostrum
1390 3459 1552 3546 eligantur
1574 3466 1608 3526 et
1629 3460 1750 3525 totiens

339 3561 489 3649 quotiens
518 3585 599 3649 opus
628 3563 727 3627 luerit
755 3562 964 3650 depriventur
1000 3563 1119 3649 absque
1158 3562 1326 3628 obstaculo
1355 3585 1554 3650 quocunque.
1615 3563 1751 3651 Insuper

339 3663 486 3728 volumus
500 3671 535 3728 et
549 3664 750 3729 concedimus
765 3664 853 3752 quod
867 3665 947 3730 dicti
964 3667 1159 3753 Prepositus,
1173 3665 1296 3744 ballivi,
1307 3664 1478 3752 burgenses
1493 3673 1527 3730 et
1538 3665 1750 3730 communitas

339 3767 419 3833 dicti
434 3767 530 3854 burgi
545 3769 780 3856 imperpetuum
797 3767 949 3848 habeant,
963 3768 1006 3833 ad
1028 3792 1228 3834 communem
1256 3769 1384 3834 bursam
1410 3775 1445 3834 et
1470 3768 1646 3856 proficuum
1669 3768 1749 3834 dicti

341 3870 434 3959 burgi
450 3871 682 3952 sustinendum,
692 3872 842 3938 linancias
852 3872 995 3937 omnium
1007 3872 1213 3960 burgensium
1229 3880 1262 3939 et
1274 3872 1552 3958 stallangiatorum
1565 3872 1644 3937 dicti
1655 3872 1750 3960 burgi

339 3975 539 4064 temporibus
554 3975 672 4040 futuris
694 3975 911 4041 faciendorum
939 4000 1075 4042 unacum
1103 3977 1198 4042 dictis
1224 3977 1331 4066 parvis
1357 3977 1510 4042 custumis
1533 3983 1567 4041 et
1591 3976 1751 4042 tholoueis

340 4078 434 4166 burgi
449 4078 598 4167 predicti,
610 4087 709 4166 prout
723 4087 911 4144 consuetum
927 4081 1024 4146 estin
1040 4079 1112 4144 aliis
1124 4080 1234 4166 burgis
1248 4080 1418 4168 pertinere.
1457 4078 1635 4145 Reddendo
1650 4102 1751 4166 annu-

340 4181 421 4245 atim
435 4181 515 4248 dicti
531 4182 727 4270 Prepositus,
743 4181 866 4260 ballivi,
880 4181 1053 4269 burgenses
1068 4190 1101 4247 et
1116 4184 1329 4248 communitas
1351 4181 1432 4247 dicti
1458 4181 1553 4269 burgi
1577 4205 1751 4269 eorumque

340 4282 469 4349 heredes
483 4292 517 4351 et
532 4307 732 4364 successores,
747 4285 840 4350 nobis
855 4292 889 4350 et
904 4286 1134 4351 successoribus
1148 4288 1265 4351 nostris
1280 4285 1321 4351 de
1335 4285 1431 4350 dictis
1445 4287 1647 4362 tenementis,
1662 4309 1751 4350 man·

341 4387 482 4453 sionibus
497 4389 576 4454 ortis
592 4396 626 4454 et
641 4389 721 4454 acris
736 4396 893 4454 terrarum
909 4388 993 4453 inira
1008 4389 1131 4455 bondas
1144 4397 1179 4455 et
1193 4389 1311 4456 limites
1321 4389 1417 4476 burgi
1429 4391 1609 4477 prescripti,
1627 4391 1750 4454 firmam

340 4489 506 4578 burgelem
521 4499 555 4558 et
570 4493 701 4558 servitia
714 4493 872 4558 curiarum
888 4493 999 4560 debita
1013 4501 1047 4559 et
1067 4501 1229 4571 consueta,
1244 4517 1315 4558 cum
1338 4494 1453 4558 annuis
1478 4493 1657 4559 redditibus
1677 4493 1752 4559 inde

341 4592 469 4673 debitis,
484 4593 655 4660 secundum
679 4602 828 4659 tenorum
854 4598 955 4662 nostri
979 4596 1111 4660 tentalis
1137 4603 1172 4662 et
1196 4595 1322 4682 registri
1346 4603 1380 4661 et
1405 4603 1505 4684 prout
1530 4595 1655 4685 plenius
1676 4619 1751 4661 con·

341 4698 465 4763 tinetur
478 4697 512 4761 in
527 4699 624 4762 cartis
639 4699 756 4764 uostris
771 4698 923 4786 predictis
938 4723 1032 4788 super
1054 4699 1253 4765 assedatione
1279 4699 1455 4765 feodifirme
1478 4700 1638 4766 dictorum
1662 4708 1751 4765 tene·

341 4806 534 4880 mentorum,
550 4802 760 4881 mansionum,
775 4809 920 4867 ortorum
936 4811 970 4868 et
984 4826 1129 4868 summm
1144 4802 1280 4890 desuper
1299 4803 1451 4866 coniectis
1473 4809 1508 4868 et
1527 4802 1751 4880 conficiendis3

331 4910 374 4970 et
388 4902 477 4991 quod
490 4903 570 4971 dicti
586 4906 782 4994 Prepositus,
796 4905 918 4984 ballivi,
933 4906 1105 4992 burgenses
1121 4914 1155 4972 et
1170 4907 1383 4972 communitas
1398 4905 1477 4972 dicti
1490 4906 1583 4994 burgi
1594 4914 1629 4974 et
1640 4929 1750 4972 eorum
