4412 5948
654 841 711 903 OF
740 841 836 904 THE
867 841 1029 904 BURGH
1061 841 1118 902 OF
1147 838 1356 906 PAISLEY.
1673 836 1716 902 59

303 1036 337 1094 et
363 1051 507 1092 mansum
537 1029 718 1116 subscripta
749 1030 853 1092 firmas
883 1051 1006 1092 annuos
1036 1027 1180 1093 redditus
1213 1051 1266 1092 scu
1303 1035 1477 1116 proventus
1513 1030 1655 1115 proficua
1684 1035 1718 1094 ct

302 1132 433 1198 devoria
453 1133 625 1198 earundem
644 1156 767 1197 annuos
787 1132 932 1197 redditus
954 1133 1127 1220 pittantias
1149 1133 1316 1220 pecuniam
1338 1132 1446 1197 obitus
1468 1133 1507 1198 lie
1528 1132 1600 1197 obit
1621 1133 1717 1197 silver

302 1260 339 1300 ac
365 1235 494 1304 devoria
516 1237 698 1301 communia
719 1236 851 1300 inferius
875 1237 1056 1321 specificata
1082 1237 1226 1322 jacentia
1255 1236 1339 1299 infra
1365 1235 1502 1322 burgum
1534 1235 1716 1323 parochiam

303 1348 337 1406 et
359 1339 544 1407 libertatem
567 1340 607 1405 de
628 1339 751 1428 Pasley‚
768 1341 834 1404 viz:
859 1339 1065 1426 Altaragium
1081 1339 1227 1405 divorum
1252 1340 1364 1404 Mirini
1387 1347 1420 1403 et
1443 1339 1599 1404 Colnmbe
1621 1339 1718 1404 altar·

303 1446 411 1530 agium
437 1444 503 1509 divi
529 1445 661 1509 Niniani
677 1445 870 1530 altaraginm
887 1444 959 1509 dive
976 1444 1080 1508 Maria
1104 1445 1252 1529 Virginis
1268 1444 1460 1529 altaragium
1476 1443 1542 1508 divi
1559 1444 1717 1520 Nicholai‚

303 1549 497 1634 altaragium
523 1548 589 1613 divi
620 1549 721 1627 Petri,
744 1549 936 1635 altemgium
962 1548 1036 1613 dive
1067 1549 1256 1626 Katherine‚
1285 1548 1477 1634 altaraginm
1508 1547 1581 1612 dive
1611 1551 1718 1625 Anne,

304 1651 458 1739 capellam
484 1652 551 1717 divi
578 1653 682 1716 Roclri
712 1677 750 1716 ac
776 1660 896 1740 septem
925 1653 1101 1740 perticatas
1127 1653 1167 1717 lic
1189 1651 1467 1716 ruidisterrarum
1490 1658 1548 1714 ant
1572 1675 1610 1714 eo
1636 1651 1719 1714 circa

304 1756 390 1821 dicte
426 1755 545 1843 capelle
575 1757 773 1843 pertinentes
803 1763 838 1821 et
865 1757 1050 1843 adjacentes
1080 1779 1216 1820 unacum
1248 1755 1413 1842 pittanciis
1443 1755 1575 1842 pecunie
1610 1754 1718 1819 obitus

305 1861 344 1926 lie
381 1861 452 1925 obit
482 1859 576 1924 silver
605 1883 658 1924 seu
695 1861 918 1925 communibus
947 1883 1011 1946 que
1041 1867 1138 1924 antea
1168 1883 1224 1947 per
1255 1859 1427 1923 monachos
1463 1860 1644 1924 monasterii
1678 1858 1719 1923 de

305 1962 419 2050 Pasluy
433 1962 531 2027 levari
554 1971 588 2027 et
610 1964 730 2050 percipi
754 1970 986 2027 consueverunt
1008 1961 1163 2026 Tenenda
1185 1969 1219 2028 et
1241 1961 1389 2026 habenda
1412 1963 1520 2026 omnia
1541 1970 1575 2027 et
1593 1961 1719 2048 singula

306 2066 450 2155 predicta
464 2066 624 2153 altaragia
638 2067 831 2155 capellarum
855 2074 956 2132 terras
979 2089 1122 2130 mansum
1147 2067 1363 2154 suprascripta
1382 2068 1486 2130 firmas
1501 2089 1624 2130 annuos
1646 2065 1717 2130 red-

305 2170 393 2237 ditus
409 2172 550 2258 proficua
565 2178 598 2235 et
613 2171 744 2235 devonia
766 2169 938 2236 eorundem
961 2193 1084 2234 annuos
1105 2170 1250 2235 redditus
1272 2193 1327 2234 seu
1347 2177 1520 2257 proventus
1543 2171 1716 2256 pittancias

305 2275 471 2362 pecuniam
501 2273 610 2338 obitus
636 2297 672 2338 ac
709 2275 890 2338 communia
926 2273 1203 2361 supraspecificata
1239 2271 1334 2337 dictis
1371 2272 1497 2337 ballivis
1533 2271 1715 2338 consulibus

305 2385 338 2441 et
353 2379 576 2443 communitati
595 2378 687 2464 bnrgi
703 2377 858 2442 antedicti
874 2401 911 2440 ac
926 2375 1154 2441 successoribus
1166 2378 1230 2440 suis
1246 2378 1480 2464 imperpetuum
1498 2385 1595 2464 prout
1607 2376 1718 2463 jacent

306 2482 338 2546 in
356 2480 558 2567 longitudine
573 2488 607 2546 et
621 2481 794 2546 latitudine
810 2504 880 2544 cum
898 2480 998 2545 libero
1012 2481 1149 2545 introitu
1161 2487 1195 2544 et
1206 2482 1296 2544 exitu
1309 2505 1344 2545 ac
1356 2503 1428 2544 cum
1440 2479 1588 2544 omnibus
1603 2480 1673 2544 aliis
1685 2487 1719 2544 et

307 2584 439 2670 singulis
469 2583 675 2649 libertatibus
714 2583 998 2648 commoditatibus
1036 2584 1185 2670 proficuis
1228 2584 1413 2647 asiamentis
1449 2606 1487 2647 ac
1520 2584 1617 2669 justis
1655 2585 1718 2647 suis

308 2689 510 2775 pertinentiis
539 2688 780 2775 quibuscunque
806 2687 848 2752 ad
877 2687 1023 2774 predicta
1046 2687 1205 2773 altaragia
1233 2685 1427 2774 capellarum
1452 2694 1552 2751 terras
1574 2710 1717 2752 mansum

307 2793 412 2856 firmas
437 2815 560 2857 annuos
582 2791 726 2856 redditus
756 2792 898 2879 prolicua
927 2798 961 2855 et
986 2790 1116 2855 devoria
1139 2790 1310 2855 eorundem
1340 2813 1463 2856 annuos
1492 2790 1637 2855 redditus
1664 2814 1717 2854 sen

308 2903 480 2984 proventus
504 2897 676 2984 pittancias
700 2896 866 2983 pecuniam
882 2894 991 2960 obitus
1014 2919 1050 2959 ac
1073 2895 1255 2959 communia
1273 2895 1489 2982 suprascripta
1510 2918 1581 2959 cum
1598 2895 1719 2982 pertin·

306 3000 402 3066 entiis
412 2998 632 3087 spectantibus
644 3022 697 3063 seu
709 3000 798 3086 juste
809 3007 952 3086 spectare
968 2998 1149 3062 valentibus
1160 2997 1404 3085 quomodolibet
1419 2999 1452 3062 in
1465 2999 1610 3062 futurum
1620 2997 1719 3063 libere

307 3103 416 3189 quiete
438 3102 579 3190 plenarie
594 3104 719 3189 integre
734 3103 907 3167 honorilice
930 3101 1010 3168 bene
1025 3109 1058 3166 et
1074 3103 1107 3165 in
1124 3125 1200 3189 pace
1223 3103 1290 3166 sine
1305 3101 1415 3188 aliqua
1429 3103 1630 3166 revocatione
1646 3125 1721 3166 con-

307 3206 501 3272 tradictione
514 3214 573 3272 aut
595 3206 762 3273 obstaculo
785 3229 977 3294 quocunqne
992 3208 1074 3271 Cum
1097 3212 1261 3292 potestate
1276 3205 1371 3271 dictis
1393 3205 1520 3270 ballivis
1539 3205 1720 3270 consulibus

307 3318 341 3376 et
356 3312 581 3377 communitati
603 3335 640 3375 ac
661 3311 890 3376 successoribus
913 3311 976 3375 suis
999 3334 1056 3399 per
1070 3311 1188 3397 seipsos
1210 3333 1249 3374 ac
1263 3333 1373 3375 eornm
1389 3309 1573 3375 collectores
1596 3333 1653 3397 per
1667 3333 1720 3375 eos

308 3414 548 3479 constituendos
578 3422 612 3481 et
647 3414 850 3502 deputandos
889 3416 1006 3479 Omnes
1043 3421 1077 3479 et
1106 3414 1247 3500 singulas
1282 3414 1388 3477 firmas
1425 3436 1548 3478 annuos
1577 3413 1721 3480 redditus

308 3519 430 3582 fructus
474 3517 603 3582 devoris
646 3541 683 3582 ac
726 3517 942 3583 emolumenta
985 3538 1173 3603 quecunque
1217 3517 1496 3604 supraspecilicata
1540 3517 1721 3604 ubicunque

309 3620 418 3686 eadem
463 3621 607 3708 perprius
643 3619 740 3685 levari
785 3629 819 3685 et
856 3621 977 3708 percipi
1021 3627 1253 3685 consueverunt
1291 3619 1417 3684 levandi
1454 3627 1489 3684 et
1525 3618 1721 3708 percipiendi

308 3747 345 3788 ac
389 3725 487 3789 etiam
531 3723 641 3788 eadem
686 3722 812 3788 locandi
857 3723 1023 3788 assedandi
1069 3722 1195 3787 levandi
1246 3731 1345 3810 prout
1389 3723 1434 3787 eis
1479 3723 1579 3787 visum
1624 3724 1723 3788 fuerit

309 3827 404 3891 simili
436 3826 532 3891 modo
562 3834 596 3891 et
618 3826 700 3891 adeo
733 3826 832 3891 libere
865 3828 898 3891 in
936 3825 1085 3892 omnibns
1122 3827 1217 3890 sicuti
1251 3825 1367 3913 aliquis
1404 3825 1631 3913 prebendarius
1667 3849 1720 3890 seu

309 3930 489 4018 capellanus
514 3930 623 3996 eadem
649 3935 745 3996 tntea
768 3931 916 3996 locarunt
942 3929 984 3994 ad
1011 3931 1245 4018 reparationem
1273 3937 1307 3995 et
1332 3930 1598 3995 sustentationem
1628 3930 1721 3994 nnius

310 4035 400 4100 Scole
415 4035 664 4122 grammaticalis
686 4042 720 4100 et
742 4035 1012 4101 sustentationem
1028 4035 1180 4120 Magistri
1196 4056 1250 4098 seu
1266 4035 1461 4122 preceptoris
1476 4057 1535 4121 pro
1550 4056 1720 4120 puerorum

310 4147 345 4206 et
366 4140 548 4227 juventutis
574 4140 652 4205 dicti
681 4139 775 4226 burgi
803 4163 840 4204 ac
868 4140 972 4227 patrie
999 4138 1101 4203 eidem
1127 4139 1232 4225 burgo
1254 4137 1432 4226 adjacentis
1456 4139 1666 4204 instructione
1687 4145 1721 4204 et

310 4243 490 4309 eruditione
518 4244 712 4331 applicanda
741 4251 775 4308 et
804 4243 1019 4307 convertenda
1046 4267 1083 4306 ac
1113 4266 1267 4307 summam
1299 4242 1515 4329 qnadraginta
1545 4265 1719 4306 marcarum

312 4354 451 4433 quatuor
477 4348 581 4434 pneris
608 4346 801 4434 pauperibus
828 4348 915 4411 intra
938 4345 1061 4410 dictum
1087 4346 1223 4432 burgum
1251 4369 1288 4410 ac
1315 4347 1347 4409 in
1374 4345 1458 4409 scola
1484 4345 1722 4409 remanentibus

311 4453 477 4516 annuatim
493 4450 631 4516 durante
646 4452 752 4540 spatio
768 4452 910 4538 quinque
924 4473 1082 4515 annornm
1100 4449 1281 4514 solvendam
1300 4451 1356 4515 viz.
1375 4450 1545 4536 unicuique
1560 4448 1719 4514 dictorum

313 4578 481 4642 puerorum
507 4579 681 4643 pauperum
706 4579 861 4620 summam
886 4555 993 4620 decem
1018 4577 1192 4619 marcarum
1215 4579 1252 4618 ac
1274 4562 1349 4642 post
1363 4556 1485 4619 exitum
1502 4562 1536 4618 et
1551 4553 1717 4618 decursum

311 4660 470 4724 dictorum
486 4660 628 4745 quinque
643 4683 800 4724 annorum
816 4658 903 4746 quod
919 4659 998 4723 dicti
1015 4659 1105 4746 pueri
1129 4667 1352 4723 removeantur
1374 4682 1411 4722 ac
1433 4657 1488 4722 alii
1511 4681 1620 4722 eornm
1644 4657 1721 4722 locis

314 4785 369 4849 per
397 4760 500 4825 dictos
530 4760 664 4825 ballivos
693 4769 727 4826 et
756 4761 898 4826 consules
928 4763 1136 4849 imponantur
1160 4762 1192 4824 in
1216 4761 1305 4825 dicta
1333 4760 1418 4824 scola
1446 4760 1584 4825 durante
1613 4762 1721 4848 spatio

311 4865 477 4931 antedicto
513 4866 696 4931 remanendi
734 4869 784 4931 Ac
822 4866 948 4953 prefata
984 4888 1108 4929 summa
1144 4866 1316 4952 unicuique
1352 4864 1512 4930 dictorum
1550 4886 1721 4953 puerorum

312 4992 482 5068 egenorum
498 4992 552 5034 sen
568 4993 745 5068 pauperum
769 4977 805 5034 ut
827 4970 1004 5068 predicitur
1026 4968 1177 5034 solvenda
1193 4970 1239 5034 Et
1254 4968 1342 5056 quod
1356 4968 1462 5034 dictus
1477 4967 1557 5034 ordo
1572 4969 1721 5044 omnibus
