4412 5948
745 815 802 877 OF
831 816 928 878 THE
960 815 1121 879 BURGH
1154 814 1211 876 OF
1241 813 1445 878 PAISLEY.
1762 810 1805 874 53

393 999 537 1066 censibus
552 1008 585 1066 et
600 1001 714 1066 annuis
728 999 909 1065 redditibus
924 1001 1135 1088 infrascriptis
1154 1025 1211 1088 per
1231 1026 1288 1067 nos
1311 1002 1457 1068 domum
1486 1003 1526 1067 de
1552 1026 1636 1068 novo
1658 1003 1806 1068 fundasse

392 1105 594 1170 constituisse
609 1111 643 1169 et
657 1103 818 1172 ordinasse
833 1128 870 1168 ac
885 1103 1014 1169 fundari
1030 1105 1108 1191 erigi
1133 1114 1168 1170 et
1190 1105 1331 1170 ordinari
1351 1108 1459 1171 fecisse
1481 1115 1514 1171 et
1541 1130 1723 1193 procurasse
1745 1106 1805 1172 sub

392 1208 489 1273 modo
514 1216 548 1273 et
574 1209 678 1273 forma
700 1209 919 1296 infrascriptis.
977 1207 1033 1273 Ad
1059 1210 1279 1302 cniusquidem
1306 1211 1480 1298 capellanie
1504 1219 1539 1276 et
1563 1211 1661 1297 ipsius
1687 1211 1803 1298 ydonei

392 1312 546 1400 capellani
563 1311 681 1377 ibidem
698 1312 861 1400 perpetuis
877 1313 995 1377 futuris
1009 1313 1210 1398 temporibus
1225 1313 1335 1378 divina
1350 1314 1539 1379 celebraturi
1555 1315 1666 1379 altaris
1678 1338 1803 1402 repara·

392 1419 516 1481 cionem
530 1424 564 1482 et
579 1416 735 1504 capellani
751 1417 917 1482 honestam
940 1440 978 1481 ac
1000 1416 1208 1482 sufficientem
1235 1419 1502 1483 sustentationem
1530 1419 1594 1483 ista
1620 1426 1805 1484 tenementis

394 1527 492 1584 terras
507 1520 655 1607 burgales
669 1527 704 1585 et
718 1527 909 1608 campestres
924 1543 987 1607 qne
1002 1527 1036 1585 et
1051 1544 1131 1607 quas
1154 1522 1245 1586 uobis
1267 1545 1305 1586 ex
1323 1523 1440 1587 nostris
1464 1546 1546 1609 puro
1570 1530 1746 1608 conquestu
1770 1530 1804 1586 et

392 1623 551 1689 industria
575 1626 755 1713 perentinm
783 1633 817 1689 et
842 1625 1016 1690 amicorum
1046 1633 1226 1690 nostrorum
1256 1626 1398 1690 subsidio
1424 1626 1624 1691 aduenerant
1650 1626 1803 1690 habemns

392 1726 587 1814 possidemus
602 1735 636 1793 et
650 1729 874 1814 acquisivimus
889 1727 1035 1793 dedimus
1050 1730 1259 1793 concessimus
1274 1737 1308 1792 et
1323 1731 1356 1793 in
1372 1753 1484 1816 puram
1501 1729 1703 1794 elemosinam
1720 1731 1803 1794 sicut

390 1830 501 1919 aliqua
527 1839 613 1896 terra
635 1831 837 1896 elimosiuata
862 1831 948 1895 infra
972 1855 1107 1918 regnum
1138 1834 1246 1896 Scocie
1276 1833 1405 1896 liberius
1435 1833 1533 1896 datur
1557 1840 1591 1897 et
1617 1831 1803 1898 conceditur

391 1933 581 1999 donauimus
596 1943 630 2001 et
644 1936 875 2020 assignauimus
890 1958 911 1998 a
925 1934 1017 2000 nobis
1033 1935 1202 2000 heredibus
1213 1944 1247 2001 et
1259 1937 1428 2022 assignatis
1444 1937 1560 2000 nostris
1570 1959 1642 1999 cnm
1654 1935 1802 2001 omnibus

391 2046 425 2104 et
439 2039 572 2125 singulis
584 2039 647 2104 suis
659 2039 864 2126 pertinenciis
875 2063 912 2102 ac
924 2039 1208 2105 commoditatibus
1219 2047 1368 2104 emortua
1379 2064 1473 2104 mann
1487 2040 1678 2104 tradidimus
1693 2048 1728 2104 et
1744 2041 1802 2104 im·

390 2143 797 2231 perpetuumqerogavimus
813 2145 955 2222 Quorum
978 2150 1231 2209 tenementorum
1248 2151 1283 2208 et
1300 2152 1454 2208 terrarum
1471 2143 1652 2230 burgulium
1669 2151 1703 2208 et
1718 2168 1801 2208 cam-

391 2249 545 2335 pestrium
563 2255 598 2313 vt
614 2247 695 2334 wlgo
709 2254 879 2312 censentur
893 2248 1025 2312 nomina
1039 2248 1278 2334 subsequuntur
1293 2256 1391 2335 prout
1406 2248 1619 2313 instrumento
1635 2255 1668 2311 et
1684 2249 1801 2313 instru-

392 2351 507 2415 mentis
543 2350 727 2415 donacionis
756 2351 851 2415 huius
889 2350 1013 2437 plenius
1043 2353 1228 2415 continetur
1265 2352 1303 2415 Iu
1335 2352 1444 2438 primis
1476 2353 1584 2415 omnia
1612 2359 1647 2416 et
1676 2352 1802 2437 singula

391 2461 575 2519 tenementa
589 2453 737 2540 burgalia
750 2477 787 2517 ac
803 2455 964 2518 universas
979 2461 1079 2518 terras
1095 2453 1243 2539 burgales
1258 2454 1298 2518 de
1310 2453 1430 2517 Seidhil
1443 2477 1514 2517 curn
1527 2477 1634 2526 eorum
1646 2461 1680 2518 et
1692 2477 1799 2518 earum

391 2557 595 2645 pertinenciis
605 2557 751 2644 jacencia
765 2558 798 2621 in
815 2556 917 2642 burgo
928 2556 969 2621 de
981 2557 1108 2621 Pasleto
1119 2581 1158 2620 ex
1171 2564 1263 2644 parte
1275 2556 1407 2620 australi
1419 2556 1557 2621 eiusdem
1572 2581 1671 2644 prope
1682 2557 1800 2621 molen-

390 2659 501 2725 dinum
517 2659 677 2725 dictorum
700 2660 903 2725 dominorum
926 2661 1054 2725 abbatis
1076 2668 1110 2724 et
1134 2669 1308 2725 conventus
1336 2662 1518 2725 monasterii
1546 2659 1586 2724 de
1610 2661 1738 2725 Pasleto
1764 2685 1801 2725 ac

390 2765 489 2829 eciam
506 2787 614 2829 omnes
629 2771 663 2828 et
683 2764 825 2850 singulas
848 2772 948 2830 terras
970 2772 1162 2851 campestres
1188 2763 1403 2851 predictarum
1429 2771 1585 2828 terrarum
1612 2763 1653 2828 de
1680 2763 1801 2828 Seidhil

390 2890 461 2933 cnm
478 2868 682 2956 pertinenciis
698 2869 846 2955 prolieuis
865 2874 899 2933 et
921 2869 1103 2932 asiamentis
1130 2875 1228 2954 prout
1256 2868 1288 2931 in
1316 2869 1412 2932 cartis
1439 2853 1659 2931 instrumentis
1681 2875 1715 2931 et
1737 2869 1800 2932 evi·

389 2967 508 3037 denciis
523 2971 693 3036 earundem
710 2971 834 3060 plenius
849 2972 1035 3036 continetur
1052 2974 1183 3036 Necnon
1206 2994 1315 3035 omnes
1330 2979 1363 3036 et
1383 2971 1523 3056 singulas
1540 2979 1639 3035 terras
1653 2971 1694 3036 de
1710 2971 1799 3052 We17

391 3076 510 3141 medon
534 3099 606 3141 cnm
638 3075 841 3164 pertinenciis
864 3075 1007 3162 jacentes
1034 3099 1073 3139 ex
1099 3082 1192 3163 parte
1222 3065 1413 3139 occidentali
1441 3075 1556 3161 prelati
1585 3075 1680 3161 burgi
1707 3098 1802 3162 snper

390 3181 550 3268 publicam
567 3181 650 3245 viam
666 3181 785 3266 regiam
802 3203 841 3243 ex
856 3187 949 3267 parte
963 3179 1096 3244 australi
1112 3178 1251 3244 eiusdem
1274 3202 1311 3243 ac
1326 3180 1425 3243 eciam
1452 3186 1549 3266 prout
1569 3180 1666 3244 cartis
1682 3180 1799 3245 instru-

391 3285 506 3349 mentis
520 3291 555 3349 et
569 3283 738 3349 evidentiis
753 3282 888 3370 desuper
898 3282 1051 3348 confectis
1063 3281 1160 3346 lacius
1176 3291 1209 3347 et
1224 3283 1396 3370 perfeccius
1408 3281 1588 3346 declaratur
1602 3282 1756 3347 Tenenda
1767 3289 1801 3347 et

389 3386 538 3452 habenda
552 3411 589 3451 ac
603 3385 800 3474 possedenda
815 3386 959 3473 predicta
981 3393 1165 3450 tenementa
1186 3385 1335 3472 burgalia
1360 3409 1397 3449 ac
1421 3387 1581 3449 universas
1603 3393 1637 3449 et
1659 3386 1801 3472 singulas

388 3497 489 3555 terras
504 3499 694 3579 campestres
709 3490 749 3554 de
764 3489 885 3554 Seidhil
901 3497 934 3554 et
952 3489 1146 3554 Welmedow
1162 3513 1233 3554 cnm
1258 3489 1462 3577 pertinenciis
1485 3489 1631 3577 predicto
1648 3489 1742 3554 altari
1767 3497 1801 3554 et

389 3594 554 3681 capellano
569 3593 707 3658 eiusdem
724 3594 779 3679 qui
796 3616 855 3680 pro
871 3600 1015 3678 tempore
1031 3593 1129 3656 fuerit
1142 3599 1238 3680 prout
1251 3593 1382 3656 inferius
1394 3592 1492 3656 lacius
1504 3592 1631 3680 patebit
1643 3593 1798 3680 inpurum

389 3704 423 3762 et
438 3704 625 3785 perpetuam
641 3696 844 3760 elemosinam
860 3719 931 3759 cum
948 3694 1097 3760 omnibus
1112 3697 1175 3760 suis
1191 3695 1397 3761 libertatibus
1419 3695 1704 3761 commoditatibus
1719 3696 1799 3760 asia·

389 3802 505 3866 mentis
519 3825 556 3866 ac
572 3801 664 3864 iustis
679 3800 742 3864 suis
758 3799 962 3886 pertinenciis
976 3798 1221 3886 quibuscunque
1235 3798 1278 3864 ad
1292 3797 1381 3863 dicta
1403 3805 1586 3864 tenementa
1609 3807 1708 3865 terras
1722 3799 1798 3863 bur-

387 3904 475 3991 gales
489 3912 523 3970 et
537 3911 728 3993 campestres
743 3903 963 3991 spectantibus
978 3926 1032 3968 seu
1048 3903 1132 3968 iuste
1147 3911 1290 3991 spectare
1308 3902 1486 3967 valentibus
1505 3902 1749 3990 quomodolibet
1765 3904 1797 3968 in

389 4007 533 4073 futurum
548 4005 629 4072 adeo
643 4006 741 4072 libere
756 4007 864 4092 quiete
879 4006 1020 4094 plenarie
1036 4007 1161 4093 integre
1176 4006 1349 4071 honorifice
1364 4004 1444 4070 bene
1459 4013 1493 4070 et
1509 4007 1541 4070 in
1557 4028 1634 4093 pace
1646 4007 1678 4071 in
1695 4007 1798 4070 omni·

387 4112 448 4178 bus
462 4119 496 4178 et
517 4135 575 4201 per
596 4112 704 4177 omnia
730 4113 813 4176 sicut
838 4111 945 4198 alique
971 4119 1055 4176 terre
1081 4110 1229 4197 burgales
1255 4118 1314 4175 aut
1336 4119 1527 4197 campestres
1553 4111 1638 4176 infra
1663 4134 1795 4197 regnum

388 4217 496 4281 Scocie
511 4216 735 4304 inperpetuum
752 4215 949 4280 elimosinam
969 4215 1062 4279 alicui
1079 4214 1253 4302 capellanie
1273 4221 1307 4278 et
1322 4213 1487 4302 capellano
1502 4214 1623 4279 dantur
1637 4222 1670 4279 et
1688 4239 1797 4279 corree-

388 4320 511 4384 duntur
539 4318 743 4384 Reservando
772 4319 864 4384 nobis
893 4326 927 4383 et
952 4319 1100 4383 omnibus
1127 4341 1225 4404 snpra
1249 4311 1439 4405 expressatis
1470 4320 1549 4382 vivis
1579 4326 1612 4383 et
1637 4319 1798 4382 defunctis

388 4425 571 4488 oracionum
587 4422 768 4487 divinornm
787 4423 938 4508 suffragia
959 4421 1121 4487 duntaxat
1145 4424 1244 4486 Cuius
1267 4422 1397 4508 quidem
1420 4423 1576 4508 capellani
1601 4424 1798 4510 presentacio

388 4527 553 4614 imposicio
567 4533 601 4590 et
616 4526 751 4590 donacia
765 4525 806 4589 ad
825 4549 882 4589 nos
904 4524 1008 4589 dictos
1030 4525 1187 4589 Jacobnm
1215 4531 1249 4588 et
1276 4525 1463 4588 Elisabetht
1489 4525 1566 4588 dnm
1594 4527 1625 4588 in
1650 4525 1797 4588 humanis

389 4632 559 4695 vixerimus
573 4638 607 4696 et
622 4628 736 4695 exinde
751 4629 791 4692 ad
807 4628 942 4693 ballivos
957 4637 990 4694 et
1004 4631 1268 4694 communitatem
1284 4629 1376 4714 burgi
1392 4628 1432 4692 de
1446 4629 1572 4693 l'asleto
1582 4653 1641 4716 pro
1652 4636 1797 4715 tempore

387 4736 560 4801 existentes
574 4742 608 4800 et
622 4756 731 4800 eornm
747 4732 974 4797 successoribus
994 4735 1124 4797 omnino
1146 4733 1306 4820 spectabit
1328 4741 1362 4796 et
1386 4734 1549 4820 perpetuis
1574 4734 1691 4797 futuris
1717 4741 1796 4797 tenr-

387 4839 519 4928 poribus
533 4837 709 4927 pertinebit
725 4860 782 4925 per
796 4859 909 4925 puram
924 4843 958 4901 et
972 4837 1146 4924 simplicem
1160 4837 1366 4902 donacionem
1383 4859 1420 4901 ac
1435 4836 1509 4901 libri
1525 4836 1631 4901 calicis
1655 4845 1688 4899 et
1703 4859 1796 4900 orna-

387 4949 569 5016 mentorum
584 4940 695 5014 altaris
704 4940 913 5010 tradicionem
927 4941 979 5004 Ita
994 4939 1080 5034 quod
1093 4941 1126 5005 in
1143 4941 1323 5009 huiusmodi
1336 4939 1512 5008 donacione
1524 4940 1610 5005 dicte
1622 4940 1796 5033 capellanie
