4412 5948
448 882 490 948 52
811 875 1056 944 elinantius
1086 875 1184 944 AND
1215 873 1493 944 nominamus

446 1091 648 1154 coneemyog
664 1073 699 1132 to
715 1065 770 1128 the
785 1063 853 1129 said
869 1064 974 1150 burgh
989 1087 1023 1128 as
1039 1065 1065 1128 is
1080 1065 1216 1152 allegiit,
1227 1066 1290 1130 and
1306 1091 1390 1154 apon
1407 1067 1463 1130 the
1474 1067 1592 1141 coistis,
1603 1065 1731 1139 acbatis,
1740 1061 1854 1149 damp-

447 1195 528 1254 naga
543 1169 607 1234 and
623 1169 767 1256 expensis
783 1167 920 1230 sustenit
934 1165 997 1230 and
1015 1167 1100 1231 maid
1116 1168 1155 1233 be
1178 1170 1234 1233 the
1259 1169 1354 1234 saidis
1381 1168 1492 1234 Abbot
1515 1167 1580 1232 and
1603 1173 1741 1232 convent
1766 1165 1853 1231 ther-

441 1275 566 1346 tbrou;
588 1270 652 1334 and
669 1270 791 1335 further
806 1277 842 1334 to
857 1292 971 1333 ansuer
986 1269 1019 1332 in
1037 1271 1092 1334 the
1107 1269 1176 1336 said
1191 1279 1294 1336 mater
1309 1273 1425 1336 insal'er
1439 1296 1474 1335 as
1489 1272 1546 1335 law
1565 1271 1639 1350 will,
1653 1268 1786 1355 making
1805 1269 1853 1332 in·

445 1376 617 1442 tirnatione
633 1380 668 1438 to
684 1374 739 1436 the
755 1371 850 1435 saidis
868 1371 991 1436 bailliea
1006 1372 1069 1436 and
1085 1375 1248 1439 comunite
1263 1375 1301 1439 of
1312 1376 1369 1440 the
1384 1373 1451 1440 said
1466 1374 1571 1461 burgh
1594 1375 1631 1439 of
1650 1375 1797 1438 Renfrew
1819 1395 1854 1436 as

446 1480 556 1545 alibi-is.
603 1478 675 1540 The
689 1475 802 1562 qubilk
820 1483 856 1540 to
871 1475 924 1552 do,
942 1499 985 1539 we
1000 1478 1167 1542 committe
1187 1487 1222 1543 to
1244 1503 1313 1566 you
1332 1479 1517 1567 conjunc-ily
1543 1477 1606 1543 and
1632 1476 1771 1565 severaly
1794 1498 1855 1540 our

446 1583 504 1648 full
522 1604 627 1668 power
644 1579 681 1642 be
697 1579 765 1642 thir
779 1601 856 1642 oure
872 1578 984 1642 lettrez
999 1577 1177 1666 deliuen'ng
1192 1581 1302 1646 tharne
1316 1581 1356 1647 be
1378 1605 1448 1670 you
1470 1581 1565 1668 deuly
1581 1589 1695 1646 execut
1717 1578 1781 1644 and
1805 1579 1852 1644 in·

445 1683 548 1750 demit
563 1705 664 1768 agane
681 1689 717 1745 to
733 1681 787 1746 the
803 1681 901 1745 berar.
950 1682 1054 1745 Gevin
1071 1682 1187 1748 undere
1202 1707 1261 1748 our
1276 1685 1381 1771 signet
1395 1693 1432 1750 at
1447 1685 1562 1750 Pertht
1577 1683 1634 1749 the
1654 1682 1772 1748 secund
1790 1681 1854 1769 day

445 1787 484 1853 of
498 1785 682 1862 December,
697 1784 761 1848 and
777 1783 815 1848 ol’
826 1806 885 1848 our
901 1807 1019 1869 regnne
1035 1785 1090 1848 tbe
1107 1787 1160 1850 viii
1175 1811 1256 1873 yere.

1522 1908 1764 1972 INCHECOK.

466 2211 700 2278 r6.-C}sarter
725 2209 763 2292 of
783 2209 833 2272 ilie
860 2209 1059 2272 Fornnlation
1086 2211 1194 2296 rfftlre
1221 2211 1417 2298 Clnrplnimy
1439 2213 1484 2296 of
1495 2213 1606 2277 Soinis
1629 2211 1732 2275 Miris
1754 2211 1819 2273 aad

586 2313 735 2378 Columba
751 2316 783 2376 in
799 2313 1375 2400 ibeParisii(ffl'ui.rlqrj.—l’s1sr.i:r‚
1392 2316 1472 2379 15th
1487 2314 1576 2401 tuly,
1593 2314 1713 2381 1499ss

445 2501 680 2566 rJNIt'ltltsls
711 2502 827 2562 Sancte
860 2499 978 2563 Matris
1007 2498 1133 2562 ecclesie
1163 2499 1236 2564 liliis
1268 2501 1465 2586 presentibus
1495 2501 1683 2588 inspecturis
1712 2497 1853 2563 Jacobus

444 2603 622 2670 Crauttrrde
636 2602 676 2666 de
693 2602 887 2689 Kylwynnat
902 2601 1069 2688 burgensis
1084 2602 1123 2666 de
1145 2603 1271 2666 l’asleto
1295 2613 1329 2668 et.
1355 2604 1542 2669 lllizabetlrt
1569 2602 1763 2689 Calliraytht
1786 2603 1853 2666 eius

443 2732 558 2796 sponsu
576 2706 708 2770 salutem
726 2707 757 2768 in
774 2707 882 2791 coqui
898 2713 945 2770 est
962 2706 1104 2769 omnium
1122 2730 1193 2769 rera
1209 2709 1292 2771 salus
1308 2709 1443 2771 Nouerit
1467 2709 1656 2771 uniuersitas
1678 2712 1781 2770 rastra
1796 2727 1853 2768 nos

443 2812 546 2876 dictos
561 2810 718 2874 Jacobum
734 2816 768 2872 et
783 2808 952 2872 Elizabeth
976 2811 1008 2872 in
1031 2807 1141 2872 diuina
1163 2809 1266 2873 lamlis
1288 2817 1321 2873 et
1344 2833 1547 2896 personarum
1571 2809 1852 2873 ecclesiasticarum

443 2913 687 2978 subuenrionem
705 2919 738 2976 et
753 2913 1020 2975 sustentacionem
1038 2911 1089 2998 pie
1104 2911 1287 2975 deuocionis
1307 2914 1424 2975 allecta
1447 2913 1478 2975 in
1504 2913 1562 2976 bac
1584 2918 1677 2998 parte
1699 2911 1855 2975 adductos

442 3039 659 3103 consensuque
673 3015 850 3080 autoritate
865 3022 899 3078 et
915 3014 1046 3079 licencia
1058 3014 1247 3079 venerabilis
1262 3017 1295 3079 in
1312 3016 1442 3079 Christo
1458 3017 1559 3102 patris
1575 3017 1706 3101 Georgii
1725 3016 1855 3102 permis·

442 3124 530 3187 sione
545 3121 656 3186 divina
668 3119 808 3184 Abbatis
824 3119 863 3184 de
880 3119 1007 3184 Pasleto
1022 3127 1056 3184 et
1071 3128 1248 3184 conuentus
1260 3120 1398 3184 eiusdem
1411 3126 1565 3205 tanquam
1579 3120 1777 3207 superiorum
1791 3125 1855 3183 ter·

442 3248 548 3290 rarum
566 3231 745 3288 nostrarum
762 3222 1013 3309 subscriptarum
1026 3223 1057 3287 in
1070 3231 1167 3287 antea
1178 3223 1400 3310 capitulariter
1412 3224 1523 3310 petitis
1534 3230 1567 3286 et
1579 3223 1722 3310 optentis
1731 3246 1853 3287 necnon

442 3327 687 3393 confirmacione
703 3326 917 3389 ratilicacione
932 3332 966 3387 et
981 3325 1216 3412 approbatione
1231 3325 1482 3390 reuerendissiuii
1502 3325 1534 3388 in
1557 3325 1688 3390 Christo
1703 3326 1805 3412 patris
1821 3333 1856 3390 et

441 3433 563 3496 domini
596 3428 731 3493 Roberti
763 3430 967 3491 miseracione
996 3428 1106 3492 divina
1136 3429 1342 3514 Glasguensis
1379 3429 1609 3516 archiepiscopi
1646 3437 1681 3495 et
1717 3429 1853 3516 capituli

442 3533 581 3599 eiusdem
598 3554 691 3594 ruam
706 3529 915 3616 capellaniam
932 3552 1002 3592 cum
1019 3530 1184 3616 capellano
1199 3530 1338 3594 eiusdem
1356 3539 1510 3618 perpetuo
1535 3532 1568 3596 in
1589 3531 1720 3596 ecclesia
1744 3555 1854 3621 perro·

442 3636 536 3700 clriali
562 3634 602 3698 de
629 3632 756 3697 Pasleto
782 3655 820 3694 ex
846 3638 937 3716 parte
960 3631 1092 3694 australi
1117 3632 1255 3696 eiusdem
1281 3631 1324 3696 ad
1347 3633 1449 3697 altare
1473 3641 1654 3699 sanctorum
1680 3634 1793 3698 Mirini
1820 3641 1855 3700 et

443 3737 599 3804 t'olumbe
614 3737 826 3800 coiifessorum
844 3757 899 3819 per
914 3755 971 3795 nos
986 3731 1165 3797 edificatam
1183 3736 1216 3796 in
1239 3734 1365 3798 laudem
1388 3742 1422 3799 et
1446 3735 1595 3801 honorem
1620 3739 1854 3824 omnipotentis

445 3845 503 3910 Dei
530 3841 630 3928 patris
656 3846 690 3926 et
716 3836 772 3900 lilii
795 3843 829 3899 et
851 3835 983 3922 spiritus
998 3837 1099 3899 sancti
1123 3837 1253 3922 eiusque
1271 3837 1408 3922 gloriose
1425 3839 1555 3924 virginis
1570 3847 1603 3905 et
1620 3841 1732 3904 matris
1749 3843 1854 3905 Maria

442 3948 609 4014 beatorum
637 3942 721 4004 Petri
747 3946 780 4003 et
806 3937 898 4001 Pauli
926 3935 1143 4023 apostolorum
1173 3938 1364 4025 laudemque
1386 3948 1419 4004 et
1446 3942 1679 4008 veneracionem
1708 3945 1851 4008 omniurn

441 4057 622 4116 sanctorum
654 4038 850 4130 superiorum
889 4041 1005 4103 civium
1044 4062 1165 4104 necnon
1197 4043 1374 4106 animarum
1406 4043 1660 4110 excellentissimi
1698 4047 1853 4133 principis

441 4151 602 4242 quondam
619 4146 734 4211 Jacobi
751 4148 934 4208 Scottorum
952 4143 1050 4227 Regis
1066 4144 1155 4207 tercii
1172 4167 1208 4207 ae
1224 4144 1412 4209 illustrisimi
1437 4147 1587 4234 principis
1611 4150 1712 4214 nostri
1734 4150 1851 4214 Jacobi

440 4255 548 4346 quarti
569 4253 649 4337 regis
666 4246 808 4313 moderni
832 4267 1025 4329 suorumque
1048 4243 1300 4330 predecessorum
1324 4254 1357 4310 et
1379 4271 1589 4314 successorum
1612 4275 1649 4314 ac
1671 4252 1851 4316 animarum
1869 4286 1874 4294 ·

441 4366 621 4426 nostrorum
633 4352 746 4416 Jacobi
760 4348 947 4413 Elizalietht
956 4355 989 4409 et
1004 4347 1153 4430 Magistri
1167 4347 1353 4412 Archibaldi
1367 4350 1527 4413 Craufunl
1537 4354 1644 4417 vicarii
1655 4353 1696 4418 de
1705 4354 1853 4441 Eislryne

440 4463 542 4530 nostri
566 4461 598 4524 in
615 4457 674 4520 hac
691 4461 782 4541 parte
803 4450 947 4537 specialis
969 4449 1158 4516 consultoris
1181 4451 1297 4513 actoris
1320 4458 1354 4514 et
1378 4455 1593 4536 procuratoris
1616 4464 1852 4544 parentumque

441 4563 749 4649 rorrsanguineormn
765 4556 938 4620 suricorum
955 4560 988 4616 et
1003 4550 1242 4616 benefactorum
1258 4560 1491 4618 antecessorum
1502 4564 1536 4620 et
1551 4579 1761 4626 suceessorum
1779 4585 1851 4626 nos-

443 4681 563 4736 tanum
588 4690 624 4728 nc
647 4662 790 4726 omnium
814 4656 954 4721 lidelium
978 4654 1201 4718 defunctorum
1225 4661 1259 4717 et
1285 4655 1450 4739 signanter
1473 4680 1610 4742 quorum
1633 4660 1743 4747 aliqua
1765 4664 1852 4729 bona

441 4771 610 4840 imbuimus
625 4774 659 4830 et
675 4787 737 4828 non
753 4760 795 4825 ad
810 4756 1001 4843 condignam
1018 4755 1267 4819 satisfactionem
1280 4757 1489 4821 satisfecimus
1503 4759 1544 4823 de
1555 4763 1648 4825 terris
1662 4767 1851 4830 tenementis

1014 4999 1123 5051 r'l'usn
1138 4999 1282 5051 Arolrires.
1322 5027 1328 5038 ·
