4412 5948
477 800 499 862 2
843 797 1090 863 CHARTERS
1120 801 1219 863 Axu
1249 798 1528 864 Duct'uuffi

476 985 648 1051 heredibus
663 987 742 1051 meis
757 987 789 1051 iu
806 988 913 1074 cupite
927 988 1036 1051 omnio
1050 989 1286 1074 prenominata,
1301 995 1369 1052 tom
1385 987 1441 1051 illo
1458 1011 1523 1074 que
1544 989 1612 1076 ime
1626 987 1725 1052 habet
1739 1010 1780 1051 ex
1793 985 1893 1051 douo-

476 1091 568 1156 tione
582 1091 666 1177 regis
680 1091 788 1156 David
804 1114 900 1177 quam
917 1091 974 1155 illo
988 1115 1051 1178 que
1066 1113 1106 1156 ex
1121 1115 1190 1156 mee
1205 1091 1305 1156 hobet
1319 1090 1504 1168 donatione,
1519 1115 1592 1156 cum
1614 1090 1762 1156 omnibus
1782 1113 1892 1155 comm

476 1195 681 1282 pertinentiis
704 1203 738 1261 et
760 1195 1019 1273 rectitudinibus,
1035 1203 1069 1259 et
1092 1219 1149 1283 per
1169 1204 1272 1260 rectos
1293 1194 1410 1260 divisos
1432 1197 1575 1261 omnium
1598 1196 1892 1283 prenominatorum

475 1307 646 1379 terrarum,
661 1300 759 1364 libere
774 1307 808 1365 et
823 1302 943 1386 quiete,
957 1302 1130 1366 honorilice
1145 1309 1179 1366 et
1194 1302 1226 1365 in
1243 1325 1331 1388 poce,
1345 1324 1416 1365 cum
1433 1325 1523 1366 soooo
1536 1309 1571 1368 et
1584 1325 1685 1378 soom,
1699 1323 1771 1365 cum
1787 1299 1835 1365 tol
1857 1308 1892 1365 et

474 1403 564 1467 them
580 1411 615 1467 et
629 1405 870 1490 infangtheeffe,
885 1407 918 1470 io
935 1405 1029 1482 villis,
1044 1407 1076 1470 in
1092 1405 1265 1492 scallingis,
1281 1408 1313 1469 in
1329 1407 1460 1492 eampis,
1475 1407 1508 1470 in
1524 1407 1637 1494 protis,
1652 1407 1685 1470 in
1708 1405 1841 1493 pascuis,
1857 1404 1890 1467 in

476 1506 584 1584 moris,
600 1505 633 1570 in
648 1508 752 1594 oquis,
767 1507 799 1572 in
817 1507 1018 1586 molendinis,
1033 1509 1066 1571 iu
1081 1509 1236 1596 piscariis,
1247 1509 1280 1572 iu
1297 1509 1433 1586 forestis,
1444 1509 1477 1572 in
1494 1507 1589 1574 bosco
1603 1515 1638 1572 et
1652 1506 1761 1594 plano,
1772 1507 1805 1570 in
1822 1507 1892 1586 viis,

475 1609 509 1672 in
524 1609 658 1690 semitis,
672 1611 755 1674 sicut
770 1611 887 1697 aliquis
902 1635 942 1676 ex
957 1611 1130 1676 baronibus
1145 1613 1223 1675 meis
1238 1611 1369 1676 liberius
1383 1619 1416 1676 et
1438 1612 1580 1698 quietius
1597 1610 1729 1676 seudum
1743 1632 1836 1674 suum
1851 1607 1892 1673 de

476 1736 527 1776 me
542 1720 651 1779 tenet:
675 1715 835 1781 Faciendo
851 1716 929 1780 mihi
953 1724 987 1782 et
1008 1715 1177 1780 heredibus
1200 1718 1277 1780 meis
1299 1714 1340 1780 de
1362 1715 1419 1779 illo
1442 1713 1538 1780 feudo
1559 1717 1723 1780 servitium
1749 1716 1892 1802 quinque

476 1817 627 1883 militum.
673 1819 825 1886 Testibus
847 1819 992 1884 Emuldo
1014 1821 1164 1908 episcopo
1186 1821 1295 1886 Sancti
1322 1819 1464 1898 Andree,
1488 1819 1652 1886 Herberto
1677 1821 1826 1907 episcopo
1851 1817 1892 1883 de

476 1922 638 2008 Glosgow,
652 1924 802 1988 «Iohanne
823 1923 943 1988 abbate
965 1924 1006 1990 de
1030 1923 1174 2002 Kelkow,
1192 1923 1360 1989 Willelmo
1382 1922 1501 1988 abbate
1524 1922 1564 1988 de
1587 1921 1718 2000 Meiros,
1742 1921 1890 1988 waltero

475 2025 676 2104 cancellario,
706 2026 873 2092 ll'illclmo
901 2035 936 2093 et
966 2027 1074 2092 David
1103 2026 1257 2092 fratribus
1286 2027 1380 2112 regis,
1408 2026 1527 2090 comite
1561 2025 1744 2112 Gospotric,
1773 2025 1892 2089 comite

476 2129 646 2206 Duncano,
661 2130 826 2196 Richmdo
840 2130 880 2197 de
896 2130 1060 2208 Moremll,
1075 2129 1226 2196 Gilberto
1240 2129 1281 2195 de
1300 2128 1550 2217 Umphromvill,
1565 2128 1712 2193 Roberto
1725 2126 1766 2192 de
1787 2128 1892 2206 Bmis,

476 2231 650 2320 liudolpho
672 2231 712 2298 dc
735 2234 850 2312 Soulis,
880 2235 1010 2322 Philipo
1031 2233 1072 2298 de
1094 2233 1242 2311 Colueill,
1266 2233 1433 2298 Willelmo
1457 2232 1498 2298 de
1524 2231 1722 2310 Sumervillo,
1750 2231 1891 2317 Hugone

476 2332 618 2412 Riddell,
641 2335 766 2400 Decide
790 2335 927 2414 Olifmd,
948 2336 1089 2402 l'uldevo
1111 2336 1179 2401 lilio
1199 2337 1327 2401 comitis
1349 2336 1533 2423 Gospetric,
1553 2333 1721 2399 Willelmo
1739 2332 1780 2398 de
1801 2334 1890 2397 Mor·

474 2434 564 2512 euill,
579 2435 746 2502 Buldwiuo
762 2437 803 2502 de
825 2438 857 2502 lo
872 2439 958 2514 Mor,
981 2438 1091 2504 Lioll'o
1113 2440 1180 2503 tilio
1202 2441 1341 2503 Maccus
1388 2438 1489 2526 Apud
1510 2460 1614 2502 oroem
1636 2435 1677 2501 de
1699 2435 1891 2523 Roxburgh‚

474 2539 508 2606 iu
523 2539 606 2605 sesto
622 2541 731 2606 Sancti
746 2541 905 2608 «Iohannis
921 2543 1081 2632 Baptiste,
1095 2566 1182 2608 onuo
1196 2544 1287 2630 regui
1302 2543 1405 2607 nostri
1421 2546 1469 2608 v”.

563 2761 1889 2854 hlolcolm,liiugofScots,tothebishops,obbots,cerls,herous,justioes,sheriffs,

475 2858 634 3002 mevosts,
649 2853 788 2926 officials,
803 2852 867 2918 mid
882 2853 925 2918 oll
941 2854 1036 2919 other
1049 2853 1136 2940 good
1159 2877 1230 2918 men
1253 2854 1291 2918 os
1309 2853 1359 2918 his
1374 2852 1475 2916 whole
1490 2850 1577 2926 land,
1591 2850 1700 2914 olerics
1717 2849 1782 2914 and
1804 2849 1889 2928 laios,

504 2937 597 3002 much
613 2939 677 3006 aud
693 2939 841 3026 English,
857 2943 948 3006 Scuts
965 2939 1030 3006 sud
1053 2941 1266 3026 Guluegions,
1281 2947 1409 3027 present
1431 2938 1496 3003 oud
1518 2938 1638 3014 future,
1651 2938 1821 3023 greeting:
1844 2937 1889 3000 Be

475 3023 503 3090 it
520 3021 632 3090 kuowu
644 3033 680 3092 to
694 3047 758 3114 you
771 3025 813 3090 ull
830 3027 903 3094 that
919 3027 1028 3094 belom
1044 3027 1211 3094 luscimd
1227 3026 1431 3112 knighthood
1447 3023 1620 3112 lgmnted,
1630 3023 1694 3088 ond
1704 3023 1747 3111 by
1759 3023 1825 3088 this
1836 3045 1889 3109 my

474 3109 602 3176 chmtcr
619 3113 632 3176 l
650 3113 729 3178 hmo
744 3113 927 3191 coulhmcd,
945 3123 980 3180 to
999 3114 1124 3180 ll'ultcr
1141 3117 1210 3180 liitz
1226 3114 1324 3190 Aion,
1339 3137 1391 3200 my
1404 3113 1550 3188 steward,
1564 3110 1629 3175 aud
1643 3117 1680 3175 to
1694 3112 1744 3174 his
1757 3111 1842 3175 heirs
1856 3111 1889 3174 in

475 3197 523 3260 sm·
538 3197 602 3264 oml
618 3197 774 3286 horitugo,
791 3199 846 3266 thc
857 3199 1012 3268 ‹louutiou
1027 3203 1127 3266 which
1141 3203 1229 3288 liiug
1244 3200 1361 3278 David,
1374 3224 1426 3286 my
1434 3198 1654 3285 gmndiather,
1665 3221 1746 3284 gave
1760 3204 1797 3261 to
1810 3197 1890 3275 him,

474 3283 600 3372 uumcly
618 3286 763 3352 llculiuw
779 3285 842 3352 mid
861 3289 1020 3356 ihm-cluth
1039 3287 1103 3354 mul
1120 3288 1230 3354 Polloc
1251 3287 1316 3352 ond
1337 3287 1478 3350 Talahcc
1499 3285 1563 3350 ond
1586 3284 1725 3349 Kerkert
1746 3282 1812 3348 ond
1833 3283 1891 3348 the

477 3369 565 3458 lhup
579 3371 643 3438 uml
662 3373 716 3440 llic
734 3373 884 3440 hlutmm·
899 3375 962 3442 mid
982 3375 1145 3462 ligiistmm
1161 3373 1226 3440 mid
1242 3374 1467 3438 Lochinauche
1477 3372 1540 3437 ond
1557 3371 1744 3449 lnnerwick,
1755 3369 1834 3436 with
1845 3369 1889 3434 ull

475 3455 531 3522 lhu
549 3459 726 3544 pertinemus
741 3461 779 3524 ol*
793 3461 880 3526 thcsc
896 3461 995 3530 hliuls.
1044 3461 1119 3528 Ami
1137 3461 1273 3526 likeuisc
1288 3462 1305 3524 1
1318 3484 1399 3547 gave
1414 3469 1450 3525 to
1465 3460 1531 3523 him
1548 3460 1581 3522 in
1596 3458 1752 3544 heritoge,
1766 3456 1831 3522 and
1845 3456 1888 3544 by

475 3541 540 3608 this
551 3567 602 3632 my
613 3545 741 3614 chuctcc
752 3549 765 3612 l
777 3547 857 3612 hom
866 3547 1038 3616 cuuliuuul
1051 3557 1085 3613 to
1097 3549 1235 3624 him,the
1243 3547 1332 3611 offioe
1341 3548 1379 3611 of
1385 3571 1436 3634 my
1446 3543 1760 3612 stewordtobeheld
1769 3543 1811 3631 by
1820 3544 1888 3607 him

473 3627 538 3694 uml
552 3629 601 3695 his
617 3631 699 3698 heim
711 3637 743 3700 ot
761 3656 811 3698 mc
826 3633 889 3700 mul
907 3659 958 3724 my
973 3635 1056 3700 heim
1069 3635 1177 3710 such,
1188 3637 1220 3699 iu
1233 3635 1282 3699 see
1293 3634 1356 3698 aud
1369 3635 1522 3719 heritagc,
1533 3656 1568 3696 os
1580 3631 1647 3695 well
1660 3630 1724 3695 ond
1735 3655 1769 3694 os
1780 3630 1888 3718 omply

472 3737 507 3780 uo
523 3717 610 3804 lting
627 3719 732 3786 lim-iu
747 3743 828 3806 gum
842 3721 906 3786 und
922 3721 1060 3806 giuutul
1078 3728 1113 3786 to
1125 3709 1190 3785 him
1204 3722 1253 3785 his
1264 3720 1482 3806 stcwmdship,
1492 3718 1558 3783 and
1572 3742 1607 3782 os
1621 3719 1662 3782 he
1677 3717 1808 3782 himself
1819 3717 1889 3782 best

472 3799 538 3868 uml
554 3813 636 3870 umsl
654 3807 761 3896 uumly
779 3807 852 3872 hchl
869 3807 892 3872 it
908 3811 989 3874 lium
1007 3809 1084 3874 him.
1132 3809 1310 3882 hlomovcc,
1324 3808 1338 3869 Ι
1351 3808 1466 3894 myself
1477 3807 1557 3870 hose
1571 3807 1677 3892 given,
1693 3805 1757 3869 ond
1768 3804 1811 3890 by
1823 3804 1888 3867 this

472 3911 559 3954 munuc
574 3891 702 3958 cluutcc
718 3893 797 3960 hm'c
812 3895 997 3970 ‹onummt
1013 3903 1049 3960 to
1065 3892 1121 3958 thc
1136 3917 1221 3958 mruc
1236 3893 1364 3958 Walter
1383 3895 1416 3957 in
1432 3894 1481 3958 see
1502 3892 1567 3956 and
1590 3892 1745 3976 heritage,
1759 3891 1811 3956 sor
1832 3891 1888 3955 the

472 3975 590 4042 merim
604 3979 705 4045 which
720 3981 758 4046 hc
771 3979 921 4047 mudmml
935 3990 970 4048 lo
985 3983 1073 4066 liiug
1085 3981 1190 4045 lio-id
1201 3980 1265 4045 oud
1278 3988 1314 4045 to
1326 3980 1448 4065 myscli,
1461 3980 1577 4044 Prethe
1591 4002 1626 4042 os
1641 3978 1735 4042 much
1750 4001 1785 4042 us
1800 3979 1889 4064 King

475 4062 582 4129 llmid
599 4065 672 4132 held
690 4067 721 4132 iu
745 4067 794 4132 his
810 4089 879 4132 mm
903 4067 1261 4142 lum.amllnel1e11an
1283 4067 1348 4131 ond
1370 4069 1520 4131 Steintuu
1544 4065 1610 4130 and
1632 4064 1887 4129 Hulestonesdeu

472 4147 537 4214 uud
555 4149 781 4238 lmmmlsumlc
801 4153 865 4220 oud
891 4153 1117 4243 llio-liiusmlc3
1139 4154 1203 4219 und
1227 4155 1360 4230 further,
1374 4155 1407 4218 in
1430 4175 1523 4238 every
1538 4176 1598 4217 one
1621 4153 1659 4215 ol'
1680 4175 1734 4238 my
1756 4150 1888 4237 burghs,

473 4233 537 4301 oud
564 4235 596 4302 iu
621 4262 713 4328 ccccv
730 4265 791 4307 mic
806 4242 843 4306 of
856 4263 907 4328 my
923 4243 1069 4308 ‹lcuscsuc
1091 4240 1267 4327 duelliugs,
1283 4240 1485 4326 throughout
1507 4262 1560 4326 my
1576 4237 1676 4302 whole
1691 4237 1779 4315 lond,
1793 4262 1813 4301 a
1827 4237 1888 4302 full

474 4321 537 4390 tou
557 4327 592 4388 lo
609 4325 700 4392 multe
715 4328 781 4394 him
797 4351 817 4392 u
833 4327 991 4395 msidcmu
1007 4331 1108 4399 them,
1122 4328 1188 4393 und
1211 4327 1288 4393 with
1311 4328 1389 4391 each
1413 4328 1478 4392 tou
1501 4333 1622 4394 tweutv
1636 4348 1722 4389 acres
1744 4326 1782 4388 of
1800 4323 1886 4390 land.

475 4407 665 4476 ll'lmmlmu
682 4413 696 4478 l
714 4414 775 4480 will
791 4413 855 4480 oud
871 4415 1040 4481 ‹mummid
1056 4413 1131 4481 thot
1146 4415 1203 4479 the
1217 4439 1302 4479 some
1320 4414 1446 4479 ll'alter
1459 4412 1523 4478 aud
1538 4413 1588 4476 his
1600 4400 1686 4476 heirs
1701 4410 1778 4475 hold
1790 4412 1824 4475 in
1839 4411 1888 4475 see

474 4493 538 4562 und
556 4495 699 4584 hccitugc
715 4503 752 4566 of
765 4525 814 4568 mc
829 4499 892 4566 ulid
910 4525 961 4568 mv
974 4503 1058 4567 hcirs
1073 4502 1106 4565 in
1121 4501 1210 4566 chief
1220 4502 1263 4566 ull
1276 4502 1333 4566 the
1344 4499 1525 4566 iomnmucd
1541 4499 1690 4586 subjects,
1702 4497 1784 4562 both
1795 4498 1888 4561 those

476 4581 577 4648 which
594 4583 634 4648 hc
649 4585 706 4648 luo
722 4587 764 4674 hy
779 4587 843 4672 gift
859 4588 897 4651 oi
910 4576 998 4673 Klng
1013 4585 1120 4652 David
1134 4588 1198 4651 und
1221 4589 1314 4652 those
1329 4587 1431 4652 which
1446 4588 1486 4651 he
1508 4587 1565 4650 hus
1587 4586 1625 4651 oi
1643 4608 1696 4671 my
1718 4585 1793 4671 gift,
1809 4585 1888 4649 with

476 4667 519 4734 ull
536 4669 620 4734 their·
635 4673 814 4758 mutimmts
836 4671 901 4737 oud
924 4675 1039 4758 rights,
1053 4671 1118 4736 oud
1140 4671 1255 4757 hythe
1277 4676 1368 4760 right
1393 4673 1517 4739 bouods
1539 4673 1577 4739 of
1598 4672 1642 4737 ull
1668 4672 1725 4736 the
1750 4671 1888 4735 soresaid

476 4752 579 4826 lmuls.
594 4755 691 4842 hocly
707 4759 771 4823 oud
786 4756 921 4844 quietly,
937 4757 1137 4842 honoumbly
1151 4758 1216 4821 oud
1232 4760 1265 4822 in
1286 4783 1392 4845 peace,
1407 4761 1486 4824 with
1500 4783 1551 4824 soc
1573 4759 1637 4823 ond
1658 4781 1723 4838 soc,
1738 4758 1815 4823 with
1838 4757 1887 4823 tol

476 4840 540 4908 oud
565 4841 650 4906 them
677 4843 740 4908 eud
766 4843 994 4927 iufougthcefe,
1017 4845 1050 4906 in
1074 4841 1134 4905 vils
1157 4843 1222 4906 ond
1242 4845 1412 4931 shealings,
1427 4847 1460 4909 in
1484 4845 1598 4932 ploins,
1613 4847 1647 4909 in
1671 4843 1841 4922 meedous,
1853 4846 1886 4909 in

477 4935 632 5018 insolutus,
647 4929 678 4992 iu
695 4949 811 5006 meurs,
826 4929 859 4992 iu
876 4936 999 5006 mutem,
1014 4929 1047 4992 in
1063 4927 1158 5005 milis,
1170 4929 1203 4991 iu
1219 4930 1361 5016 fishings,
1374 4935 1406 4996 in
1418 4932 1543 5008 foresto,
1555 4933 1588 4994 iu
1604 4931 1695 4996 wood
1709 4931 1775 4996 and
1786 4931 1887 5020 plain,
