4412 5948
498 849 542 916 60
862 852 1108 916 CHARTERS
1139 853 1237 916 Anu
1267 851 1545 914 DOCUMEN'I’S

497 1040 697 1126 temporibus
735 1041 882 1104 affuturis
919 1038 1015 1104 rrrodo
1051 1039 1216 1104 antedicto
1252 1040 1438 1104 observetur
1474 1040 1609 1126 Insuper
1644 1060 1715 1101 enm
1753 1059 1905 1102 consensu

496 1143 661 1209 antedicto
692 1151 801 1209 tenore
831 1144 986 1231 presentis
1015 1151 1102 1208 carte
1132 1151 1238 1209 nostre
1269 1145 1395 1208 unimus
1421 1151 1455 1208 et
1481 1144 1719 1230 incorporamus
1742 1141 1850 1206 omnia
1871 1146 1906 1204 et

496 1247 622 1334 singula
659 1247 804 1335 predicta
840 1247 997 1333 altaragia
1037 1255 1137 1312 terras
1173 1247 1327 1335 capellam
1366 1271 1508 1312 mansum
1547 1248 1763 1334 suprascripta
1799 1247 1905 1309 firmas

497 1353 638 1439 proficua
656 1359 690 1416 et
705 1351 835 1415 devoria
849 1350 1021 1416 eorundem
1038 1374 1159 1415 annuos
1182 1351 1325 1416 redditus
1348 1353 1520 1439 pittancias
1544 1351 1710 1438 pecuniam
1737 1349 1847 1414 obitus
1868 1371 1905 1412 ac

495 1457 677 1520 eommunia
706 1479 760 1520 seu
786 1478 968 1519 communes
997 1453 1144 1519 redditus
1173 1456 1389 1542 suprascripta
1420 1456 1451 1519 in
1487 1477 1585 1519 unum
1612 1477 1727 1542 corpus
1756 1452 1905 1517 omnibns

498 1557 696 1645 temporibus
726 1558 842 1621 futuris
866 1559 892 1620 1⁴*
895 1557 1100 1621 undationem
1133 1559 1282 1622 Nostram
1313 1557 1402 1621 Scole
1432 1556 1691 1622 Grammatiealis
1720 1555 1761 1620 de
1790 1553 1903 1640 Paslay

496 1659 745 1746 nuncupandum
778 1663 828 1723 Ae
857 1661 953 1723 etiarn
992 1682 1064 1723 cum
1094 1659 1290 1723 avisameato
1327 1658 1492 1724 antedicto
1523 1659 1668 1723 volumus
1704 1656 1904 1722 concedimus

495 1785 532 1824 ac
559 1784 617 1848 pro
642 1761 732 1825 nobis
756 1769 789 1824 et
812 1761 1040 1825 suecessoribus
1064 1761 1179 1825 nostris
1202 1783 1260 1846 pro
1284 1769 1439 1848 perpetuo
1458 1761 1656 1825 decernimus
1671 1767 1705 1824 et
1720 1758 1904 1824 ordinamus

495 1863 582 1950 quod
599 1866 692 1928 unica
708 1866 811 1928 sasina
825 1864 918 1928 semel
936 1887 992 1951 per
1006 1865 1109 1928 dictos
1125 1863 1259 1928 ballivos
1273 1871 1331 1928 aut
1346 1887 1455 1928 eorum
1470 1864 1608 1950 aliquem
1624 1864 1712 1952 apud
1728 1863 1904 1950 pretorium

495 1968 589 2052 burgi
616 1967 771 2032 antedicti
797 1976 943 2055 suscepta
968 1967 1049 2032 adeo
1076 1967 1182 2031 valida
1206 1976 1239 2031 et
1265 1968 1418 2031 sufficiens
1442 1969 1504 2032 erit
1531 1967 1680 2032 omnibns
1707 1965 1903 2054 temporibus

495 2070 612 2134 suturis
628 2095 664 2134 ac
680 2071 704 2134 si
722 2071 928 2158 particulares
943 2073 1044 2134 sasine
1059 2071 1145 2156 apud
1168 2069 1346 2157 quamlibet
1361 2078 1485 2157 partem
1502 2072 1732 2156 altaragiorum
1747 2078 1903 2134 terrarum

497 2176 595 2239 mansi
612 2183 646 2239 et
660 2175 796 2239 aliorum
813 2177 1099 2263 suprascriptorum
1116 2183 1259 2261 suscepte
1277 2175 1411 2239 fuissent
1427 2199 1490 2239 non
1507 2175 1657 2240 obstante
1673 2176 1732 2239 loci
1748 2173 1905 2239 distantia

497 2281 645 2343 Preterea
671 2278 815 2343 volnnms
838 2278 926 2365 quod
950 2277 1147 2365 prebendarii
1175 2301 1230 2341 seu
1253 2277 1408 2364 capellani
1428 2279 1482 2364 qni
1506 2287 1582 2344 ante
1605 2279 1767 2364 religionis
1789 2277 1904 2341 altera·

495 2385 615 2447 tionem
631 2383 673 2447 ad
689 2382 834 2470 predicta
849 2383 1007 2467 altura-gia
1022 2390 1055 2447 et
1070 2381 1223 2468 capellam
1249 2383 1366 2468 provisi
1390 2383 1516 2447 fuerant
1539 2383 1721 2446 nullatenus
1744 2405 1801 2469 per
1822 2381 1904 2444 hane

495 2496 637 2551 nostram
650 2487 899 2551 infeudationem
913 2485 1153 2573 prejudicentnr
1162 2485 1214 2549 sed
1225 2485 1312 2572 quod
1325 2509 1398 2549 usus
1410 2485 1580 2550 eorundem
1593 2487 1637 2551 eis
1648 2487 1786 2550 durante
1795 2508 1903 2549 eorum

497 2591 571 2654 vitis
590 2599 768 2654 reservetur
786 2597 913 2655 tantum
933 2593 1037 2667 Quare
1062 2587 1248 2652 mandamus
1271 2596 1451 2652 nostrornm
1479 2597 1704 2676 computorum
1732 2587 1903 2653 rotulatori

495 2694 717 2758 collectoribus
743 2694 910 2758 tertiarum
935 2690 1157 2756 beneficiorum
1183 2692 1383 2779 presentibus
1397 2717 1434 2756 ac
1451 2716 1510 2779 pro
1525 2700 1670 2780 tempore
1692 2690 1904 2757 existentibus

494 2821 531 2862 ae
546 2798 617 2861 aliis
632 2797 749 2883 quibus
766 2799 898 2860 interest
913 2797 945 2859 in
961 2819 1075 2880 genere
1097 2819 1133 2858 ac
1159 2797 1190 2859 in
1214 2797 1316 2882 specie
1332 2818 1425 2859 nemo
1440 2819 1549 2860 eorum
1566 2804 1730 2884 presumat
1744 2795 1905 2883 predictos

495 2902 618 2966 fructus
633 2924 754 2964 annuos
767 2900 909 2964 redditus
922 2922 975 2962 sen
990 2906 1163 2985 proventus
1174 2907 1207 2962 et
1219 2900 1282 2962 alia
1294 2901 1571 2986 supraspeeiiicata
1584 2900 1687 2964 levare
1697 2907 1731 2964 et
1744 2902 1905 2987 percipere

492 3028 545 3069 seu
558 3005 821 3093 impedimentum
834 3003 965 3089 aliquod
977 3003 1072 3068 dietis
1084 3002 1208 3066 ballivis
1220 3002 1340 3066 consuli
1353 3012 1387 3069 et
1398 3006 1624 3069 communitati
1637 3002 1732 3090 burgi
1744 3003 1901 3068 antedicti

493 3118 552 3174 aut
567 3107 795 3172 suecessoribus
809 3109 874 3171 suis
890 3109 921 3170 in
938 3107 1069 3194 pacitica
1085 3107 1278 3194 possessione
1293 3106 1464 3171 eorundem
1482 3107 1623 3172 inferant
1645 3108 1852 3194 Requirendo
1867 3131 1904 3172 ac

493 3212 673 3277 ordinando
685 3213 785 3276 nostri
798 3211 921 3275 consilii
934 3219 967 3275 et
980 3212 1130 3274 Sessionis
1142 3209 1288 3273 dominos
1300 3211 1409 3274 literas
1421 3220 1546 3277 nostras
1558 3213 1591 3276 in
1604 3213 1752 3277 omnibus
1763 3220 1905 3299 quatuor

493 3316 604 3381 fonnis
619 3315 659 3380 ad
677 3317 864 3379 instantiam
880 3313 1040 3378 dictorum
1056 3313 1245 3377 ballivorum
1270 3314 1434 3378 consulum
1456 3322 1490 3379 et
1512 3319 1754 3381 communitatis
1775 3341 1813 3380 ac
1835 3339 1904 3380 suc·

493 3441 648 3484 cessorem
662 3441 789 3481 snorum
801 3417 969 3481 cone-cdere
981 3423 1014 3480 et
1023 3416 1159 3501 dirigere
1168 3416 1209 3480 ad
1219 3416 1413 3481 causandum
1425 3443 1477 3482 eos
1489 3417 1529 3482 dc
1538 3419 1632 3484 dictis
1643 3420 1758 3484 annuis
1770 3420 1904 3484 redditi-

493 3523 552 3586 bus
576 3521 732 3586 frnetibns
746 3529 780 3584 et
795 3519 865 3583 aliis
880 3520 1016 3583 ‹levoriis
1039 3521 1321 3605 snpraspeeilieatis
1345 3529 1495 3608 prompte
1515 3523 1699 3610 responderi
1716 3522 1905 3588 mandamus

491 3627 590 3690 etiam
613 3621 884 3688 intromissorrbus
910 3645 981 3685 enm
1008 3620 1103 3684 dietis
1129 3623 1241 3685 annuis
1265 3623 1443 3687 redditibus
1466 3626 1623 3689 fructibus
1638 3625 1776 3690 devoriis
1792 3651 1903 3715 supra-

492 3730 680 3817 speeilieatis
710 3728 742 3790 in
773 3726 932 3790 solutione
961 3723 1132 3788 eorundem
1163 3726 1302 3789 astrictis
1331 3749 1369 3789 ae
1398 3730 1645 3814 occupatoribus
1682 3737 1838 3794 terrarum
1870 3738 1905 3796 et

492 3838 746 3898 tenernentorum
763 3829 803 3893 de
818 3828 934 3915 quibns
949 3826 1043 3892 dietis
1064 3827 1162 3890 annui
1185 3826 1329 3891 nviditus
1351 3853 1404 3892 seu
1428 3839 1602 3918 proventus
1625 3835 1745 3921 percipi
1773 3858 1903 3899 consue·

492 3941 607 3998 verunt
636 3933 678 3998 ad
704 3929 959 4018 respondendum
989 3935 1158 4016 gratanter
1186 3928 1280 3994 dietis
1311 3931 1437 3996 ballivis
1463 3936 1584 3998 consuli
1616 3944 1651 4000 et
1675 3939 1903 4003 communitati

491 4037 531 4103 de
546 4037 662 4101 eisdem
680 4037 712 4099 in
729 4035 888 4098 uberrima
903 4035 1007 4096 forma
1028 4031 1148 4117 absque
1163 4032 1270 4119 aliqua
1286 4036 1536 4101 summonitione
1559 4039 1748 4125 precedente
1770 4042 1904 4106 Proviso

492 4149 600 4207 tamen
630 4137 718 4225 quod
748 4139 773 4200 si
799 4137 879 4201 dicti
911 4134 1019 4198 ballivi
1046 4134 1166 4198 eonsnli
1191 4143 1224 4201 et
1250 4141 1463 4203 communitas
1485 4139 1590 4205 dictos
1610 4166 1735 4208 annuos
1757 4144 1904 4210 redditus

491 4247 614 4309 fruetus
643 4250 677 4306 et
706 4241 770 4306 alia
799 4240 1015 4326 snpnrseripta
1039 4239 1071 4300 in
1097 4237 1226 4301 modrmr
1249 4247 1281 4302 et
1304 4241 1346 4305 nd
1368 4243 1516 4307 eilietnm
1539 4245 1740 4312 antedictum
1771 4249 1904 4313 minime

490 4347 694 4434 exposuerint
732 4367 786 4408 sen
823 4342 1054 4430 applicaverint
1092 4340 1201 4404 euclem
1239 4343 1429 4410 sufficienler
1468 4350 1654 4414 exarninata
1691 4359 1727 4417 et
1763 4353 1903 4440 probata

490 4452 648 4515 existente
664 4471 720 4536 per
734 4446 978 4510 ‹leelamtorimn
991 4444 1126 4530 ‹lesnper
1140 4467 1272 4528 sesrviens
1286 4447 1373 4532 crrrrnl
1390 4449 1447 4510 lree
1464 4473 1589 4535 presens
1601 4462 1712 4518 nostra
1723 4456 1903 4523 infeodatio

489 4577 561 4620 eum
577 4551 726 4616 omnibns
741 4549 876 4635 (lesinam
890 4545 1095 4632 asspirantibus
1119 4553 1334 4612 retractantur
1357 4551 1576 4618 naindonmr
1596 4566 1762 4622 cassantur
1786 4561 1902 4624 annul·

490 4659 598 4722 lentnr
622 4679 660 4718 ae
684 4653 801 4718 nnllins
829 4651 942 4713 valoris
969 4647 1091 4712 nilmris
1116 4655 1147 4712 et
1173 4651 1303 4713 etllvtns
1326 4649 1538 4719 ‹lessrrnentnr
1563 4658 1601 4722 ln
1624 4660 1717 4745 enjus
1740 4663 1784 4726 rei
1810 4666 1902 4729 testi-

491 4761 633 4826 moninm
656 4757 731 4820 hnic
747 4753 884 4842 prasenti
907 4761 994 4816 carle
1016 4759 1122 4816 rrcrslru
1139 4773 1287 4836 magnum
1304 4754 1443 4838 sigillum
1465 4765 1610 4823 nostmm
1626 4765 1748 4850 apponi
1764 4768 1902 4854 precipi-

490 4887 560 4930 mus
588 4859 740 4926 Testibns
778 4853 963 4922 Reverendo
992 4855 1024 4918 in
1063 4855 1192 4920 t‘lrristo
1230 4864 1321 4942 patre
1360 4857 1487 4924 Admrro
1525 4862 1688 4952 Episcopo
1726 4869 1899 4935 Oreadensi

488 4961 761 5039 coniurendntauio
790 4957 973 5024 monasterii
999 4959 1099 5027 nostrl
1130 4959 1244 5024 Srurele
1273 4961 1382 5024 cares
1412 4983 1513 5052 prope
1543 4965 1741 5061 Edinbmgh
1772 4971 1901 5049 dilectis
