4412 5948
462 812 507 880 '72
825 816 1071 880 CHARTERS
1101 817 1199 880 AND
1229 817 1508 881 DOCUMENTS

462 1021 531 1066 uere
546 1000 586 1066 de
601 1005 693 1068 terris
709 1004 748 1069 de
765 1004 938 1070 Kelsoland
949 1005 1133 1089 jacentibus
1149 1005 1231 1068 infra
1247 1003 1416 1070 balliatum
1433 1004 1473 1068 de
1488 1004 1720 1092 Cunynghame
1741 1010 1775 1068 et
1790 1003 1870 1067 rice-

461 1105 651 1170 comitatum
668 1114 811 1172 nostrum
824 1107 864 1171 de
880 1109 951 1184 An,
965 1130 1059 1171 unam
1076 1107 1190 1172 libram
1206 1131 1274 1171 cere
1289 1106 1329 1171 de
1344 1108 1436 1172 terris
1448 1107 1488 1172 de
1501 1107 1722 1172 Kilmalcolme
1733 1106 1869 1194 jacenti-

462 1205 521 1272 bus
537 1209 620 1273 infra
641 1209 763 1274 dictum
781 1212 1037 1275 vicecomitatum
1054 1218 1198 1274 nostrum
1213 1209 1253 1274 de
1269 1211 1431 1285 Ransrow,
1448 1234 1541 1275 unam
1560 1211 1674 1276 libram
1692 1233 1760 1275 cere
1775 1209 1815 1274 de
1829 1211 1869 1272 lie

461 1311 682 1398 Cheppelland
696 1313 736 1378 de
753 1315 915 1391 ltansrow,
935 1316 1037 1378 [lnam
1055 1313 1169 1378 libram
1193 1337 1261 1377 cere
1283 1313 1323 1378 de
1345 1322 1527 1378 tenemento
1550 1313 1711 1400 quondam
1737 1313 1870 1377 Patricii

461 1415 609 1479 Mosman
626 1417 657 1479 in
677 1417 811 1504 Paislay,
827 1440 922 1481 unam
939 1417 1051 1482 libram
1075 1440 1144 1480 cere
1166 1415 1205 1480 de
1227 1418 1457 1503 prenominatis
1485 1418 1576 1480 terris
1600 1417 1640 1481 de
1655 1413 1868 1490 Wolmedow,

460 1538 597 1583 unarum
623 1521 770 1586 omnibus
799 1522 870 1584 aliis
899 1528 934 1586 et
963 1522 1097 1606 singulis
1127 1522 1231 1598 terris,
1255 1522 1457 1596 tenementis,
1485 1520 1685 1596 molendinis,
1710 1519 1869 1595 multuris,

460 1621 559 1698 siluis,
575 1623 711 1702 forestis,
726 1627 879 1712 piscariis,
899 1625 1101 1703 carbonibus,
1124 1624 1326 1701 carbonariis,
1350 1624 1577 1701 mansionibus,
1593 1625 1756 1702 manereis‚
1772 1623 1868 1688 turri·

461 1723 531 1802 bus,
545 1727 720 1804 fortaliciis,
736 1729 850 1804 hortis,
866 1731 1025 1816 pomeriis,
1037 1728 1251 1804 columbariis,
1266 1727 1478 1807 cuniculariis,
1495 1730 1607 1815 parcis,
1620 1727 1742 1804 arar-dis,
1755 1727 1867 1814 pratis,

462 1831 568 1908 moris,
597 1830 757 1917 glebariis,
786 1836 826 1898 tte
855 1837 972 1909 messis,
998 1834 1112 1896 annuis
1139 1833 1273 1918 aliisque
1300 1831 1489 1910 redditibus,
1515 1831 1682 1908 fructibus,
1710 1831 1869 1918 prolicuis,

460 1933 693 2013 emolumentis,
718 1935 950 2022 regalitatibus‚
974 1935 1093 2013 officiis,
1117 1935 1398 2013 iurisdictionibus,
1423 1935 1711 2021 superioritatibus,
1737 1933 1868 2008 iuribuS,

461 2037 730 2114 imnmnitatibus,
752 2048 786 2105 et
807 2039 879 2103 aliis
908 2039 1151 2125 quibuscunque
1177 2037 1255 2102 dicti
1282 2039 1464 2101 monasterii
1491 2037 1532 2101 de
1558 2038 1684 2124 Paislay
1707 2037 1809 2101 eidem
1832 2044 1866 2100 et

461 2140 656 2225 patrimonio
671 2142 843 2208 abbatibus
862 2142 1140 2206 commendatariis
1158 2149 1192 2205 et
1216 2140 1424 2206 cernentibus
1447 2140 1585 2204 eiusdem
1608 2147 1787 2227 spectantes
1809 2148 1869 2204 aut

460 2267 522 2328 que
544 2245 755 2329 quouismodo
778 2247 1014 2333 pertinuerunt,
1029 2269 1066 2309 ac
1083 2246 1266 2331 inquorum
1286 2245 1477 2331 possessione
1492 2243 1652 2330 aliquibus
1669 2243 1867 2330 temporibus

459 2346 573 2434 elapsis
588 2348 719 2415 suerunt
733 2349 896 2432 (omuibus
919 2357 952 2414 et
978 2349 1112 2434 singulis
1136 2348 1272 2412 ecclesiis
1299 2347 1545 2434 parochialibus
1561 2349 1715 2424 rectoriis,
1731 2348 1868 2424 vicariis,

458 2448 588 2514 decimis
609 2451 794 2538 garbalibus
816 2453 949 2538 aliisque
971 2452 1100 2517 decimis
1122 2451 1261 2515 eiusdem
1285 2451 1318 2514 in
1341 2450 1551 2515 leudilinnam
1569 2467 1632 2514 nun
1648 2450 1785 2515 dimissis
1807 2474 1865 2514 nec

459 2578 529 2619 cum
547 2557 729 2643 prescriptis
744 2559 836 2621 terris
851 2565 889 2622 ut
904 2557 1090 2644 premissum
1106 2562 1155 2619 est
1170 2555 1297 2618 inclusis
1312 2563 1345 2618 et
1361 2554 1553 2619 decimarum
1577 2554 1715 2619 deuoriis
1730 2553 1866 2641 aliisque

457 2658 615 2724 fructibus
625 2660 776 2747 predictis
791 2660 988 2724 ecclesiarum
1005 2659 1047 2724 ad
1063 2659 1185 2723 dictum
1203 2660 1426 2723 monasterium
1444 2659 1662 2745 spectantibus
1678 2659 1863 2723 omnimodo

458 2768 492 2825 et
503 2761 604 2826 solum
617 2765 783 2849 exceptis),
792 2787 856 2827 una
865 2764 963 2829 etiam
973 2786 1044 2827 cum
1058 2761 1205 2826 omnibus
1220 2763 1368 2840 tenentis,
1378 2761 1563 2835 tenandriis,
1575 2761 1673 2826 libere
1688 2763 1864 2826 tenentium

458 2866 606 2942 seruitiis,
622 2866 798 2931 seudilirme
814 2868 922 2946 lirmis,
937 2867 1070 2953 aliisque
1089 2866 1198 2941 firmis,
1214 2864 1368 2941 censibus,
1383 2865 1481 2940 canis,
1496 2866 1649 2928 custumis
1672 2872 1706 2928 et
1727 2865 1867 2929 denariis

457 2969 699 3056 quibuscunque
719 2972 860 3034 omnium
882 2979 915 3035 et
938 2971 1134 3056 singularum
1155 2970 1448 3056 prenominatorum
1468 2976 1633 3044 terrarum,
1651 2968 1866 3046 baroniarum,

459 3071 724 3148 molendinorum,
741 3073 963 3151 multurarum,
979 3074 1142 3151 siluarum,
1159 3073 1382 3160 piscationum,
1396 3070 1595 3157 aliorumque
1616 3078 1682 3134 tam
1704 3072 1735 3135 in
1751 3095 1866 3157 genere

457 3198 552 3260 quam
570 3177 603 3239 in
618 3178 720 3263 specie
735 3201 831 3264 supra
845 3178 1044 3264 specificatis,
1065 3185 1099 3242 et
1121 3176 1267 3240 similiter
1288 3197 1359 3238 cum
1382 3177 1458 3252 iure,
1475 3173 1645 3260 priuilegio
1666 3181 1700 3237 ct
1720 3175 1864 3239 iurisdic-

457 3280 546 3344 tione
577 3279 674 3344 libcre
700 3281 879 3365 regalitatis
909 3281 1050 3344 onrninrrr
1082 3287 1116 3344 et
1144 3278 1340 3364 singularum
1372 3279 1663 3364 prenominatarum
1697 3285 1865 3356 terrarum,

457 3383 671 3459 baroniarum,
685 3382 885 3470 aliorumque
901 3384 1134 3470 suprascriptis,
1150 3405 1219 3445 cum
1245 3381 1344 3445 libera
1366 3380 1498 3467 capella,
1521 3379 1708 3444 cancellaria
1722 3388 1757 3444 et
1772 3382 1864 3445 iusti·

456 3487 554 3550 ciaria
568 3487 652 3550 infra
666 3487 806 3572 singulas
818 3487 956 3552 eiusdem
970 3486 1099 3561 limites,
1110 3509 1180 3550 cum
1193 3483 1340 3548 omnibus
1350 3483 1526 3570 priuilegiis
1536 3491 1570 3547 et
1579 3483 1865 3549 commoditatibus

455 3588 571 3652 eisdem
602 3590 821 3675 spectantibus
852 3589 898 3653 vel
937 3589 1150 3675 quouismodo
1182 3588 1340 3674 pertinere
1366 3585 1556 3665 valentibus,
1586 3588 1633 3651 Et
1670 3593 1707 3650 ut
1738 3610 1865 3673 presens

456 3699 599 3756 nostrum
617 3693 878 3758 inseofamentum
898 3693 1070 3779 pleniorem
1087 3693 1243 3755 sorciatur
1265 3691 1411 3754 ellectum
1436 3690 1468 3752 in
1492 3688 1756 3775 dispositionibus
1784 3691 1863 3754 inibi

455 3797 626 3873 contentis,
644 3797 708 3858 Nos
723 3818 782 3881 pro
805 3795 896 3860 nobis
918 3803 952 3859 et
974 3793 1202 3858 successoribus
1223 3793 1339 3856 nostris
1360 3791 1562 3855 dissoluimus
1584 3815 1621 3854 ac
1642 3791 1864 3871 disuniuimus‚

455 3906 629 3984 tenoreque
644 3899 837 3984 presentium
854 3921 997 3985 expresse
1019 3897 1230 3961 disuninimus
1251 3903 1284 3960 et
1308 3894 1520 3970 dissoluimus‚
1535 3918 1643 3958 omnes
1667 3903 1701 3959 et
1721 3894 1863 3981 singulas

455 4003 693 4088 prenominatas
708 4009 818 4076 terras,
842 4001 998 4079 baronias,
1014 4001 1151 4065 decimas
1173 3998 1317 4086 garbales
1337 3999 1565 4085 suprascriptas
1581 3998 1726 4075 inclusas,
1743 3999 1862 4065 molen·

454 4106 541 4182 dina,
566 4105 731 4180 multuras,
757 4106 863 4181 siluas,
888 4107 1047 4192 piscarias,
1080 4103 1241 4180 carbones,
1265 4101 1462 4178 carbonaria,
1490 4102 1678 4175 mansiones,
1705 4124 1863 4179 munerea,

453 4217 567 4286 turres,
582 4208 752 4284 fortalicia,
765 4208 900 4294 burgum
915 4209 1054 4283 baronic,
1067 4214 1259 4281 tenementa‚
1271 4213 1426 4281 tenentes,
1442 4203 1619 4280 tenandria,
1635 4204 1733 4268 libere
1749 4213 1859 4272 tenen·

454 4315 536 4378 tium
552 4313 693 4388 seruitia,
710 4311 885 4375 feuditirme
902 4313 1016 4387 lirmas,
1031 4312 1109 4375 alias
1126 4312 1241 4385 limnas,
1256 4332 1375 4384 census,
1391 4314 1561 4384 custumas,
1577 4306 1731 4386 devocius,
1746 4309 1862 4395 regali-

454 4423 548 4493 tates,
563 4416 674 4492 cilicia,
690 4415 870 4501 priuilegia,
893 4437 1015 4478 annuos
1039 4412 1192 4486 redditus,
1214 4409 1292 4472 alios
1315 4408 1469 4484 redditus,
1484 4409 1616 4486 fructus,
1632 4411 1860 4490 emolumenta,

453 4528 487 4585 et
501 4519 565 4583 alia
579 4543 767 4605 quecunque
783 4526 849 4582 tam
866 4519 898 4581 in
913 4541 1027 4602 genere
1041 4537 1137 4600 quam
1162 4515 1194 4575 in
1217 4513 1319 4596 specie
1334 4513 1475 4596 superius
1496 4507 1686 4578 enumerata
1703 4518 1859 4603 (exceptis

454 4625 541 4712 prius
552 4625 708 4708 exceptis)
723 4646 793 4687 cum
811 4622 959 4686 omnibns
974 4618 1095 4683 iuribus
1108 4623 1142 4679 et
1153 4612 1396 4677 fundationibus
1408 4612 1492 4677 unde
1504 4613 1613 4679 eadem
1628 4629 1860 4703 promanarunt

452 4751 472 4791 a
486 4727 631 4814 predicta
645 4725 754 4790 abacia
769 4734 802 4790 et
818 4724 1010 4788 monasterio
1032 4721 1071 4782 de
1095 4715 1220 4800 Paislay
1235 4720 1268 4777 et
1291 4715 1485 4800 patrimonio
1507 4717 1645 4781 eiusdem
1670 4720 1858 4807 simpliciter

452 4830 600 4896 omnibus
616 4828 814 4916 temporibus
828 4826 976 4890 affuturis
990 4821 1031 4886 ad
1047 4821 1192 4884 effectum
1211 4817 1243 4879 in
1259 4814 1318 4878 hoc
1340 4818 1477 4900 presenti
1502 4827 1611 4882 nostro
1627 4823 1858 4890 inseolinnento

452 4939 639 5003 contentum
656 4940 690 5000 et
705 4955 769 5000 non
784 4931 863 4998 alias
878 4924 1094 4994 solummodo:
1119 4921 1252 5010 Insuper
1267 4939 1325 5008 pro
1341 4919 1440 4990 causis
1455 4923 1678 5016 suprascriptis
1693 4947 1732 4988 ex
1747 4936 1859 5002 nostra
