4412 5948
480 840 522 907 76
841 843 1088 906 CHARTEltS
1118 843 1216 905 AND
1246 842 1526 905 DOCUMENTS

478 1034 670 1120 generaliter
678 1057 748 1098 cnm
760 1041 920 1121 potestate
930 1032 1018 1098 dicto
1031 1032 1314 1098 DominoClaudio
1323 1035 1453 1120 eiunpue
1462 1033 1613 1122 predictis
1623 1033 1888 1096 omniaaliaeirca

480 1139 630 1226 premissa
644 1137 760 1224 agendi
776 1146 809 1203 et
824 1137 1046 1224 prosequendi,
1061 1160 1123 1224 que
1139 1161 1195 1202 nos
1210 1146 1244 1202 et
1259 1138 1393 1203 abbates
1408 1161 1463 1202 seu
1478 1136 1741 1202 commendatarii
1759 1144 1794 1201 et
1813 1157 1887 1202 eon-
1948 1124 1952 1132 i

480 1250 592 1308 ventus
607 1241 693 1307 dicte
707 1241 837 1307 abbacie
852 1240 892 1305 de
908 1241 1033 1329 Paislay
1049 1265 1107 1329 pro
1124 1249 1267 1329 tempore
1282 1249 1358 1306 ante
1373 1241 1482 1306 datam
1499 1242 1654 1328 presentis
1671 1247 1758 1305 eam
1781 1247 1889 1304 nostre

478 1370 572 1432 agere
586 1370 640 1411 seu
655 1347 756 1410 facere
768 1345 931 1432 potuimus
942 1369 996 1409 seu
1010 1347 1206 1432 potuissent;
1222 1369 1343 1410 necnon
1358 1346 1502 1410 volumus
1513 1353 1547 1410 et
1558 1345 1768 1422 concedimus,
1779 1367 1817 1407 ac
1828 1367 1888 1430 pro

479 1450 571 1514 nobis
586 1458 620 1515 et
635 1449 861 1514 successoribus
878 1449 993 1512 nostris
1008 1448 1204 1513 decernimus
1220 1456 1254 1513 et
1269 1449 1463 1528 ordinamus,
1475 1448 1562 1536 quod
1578 1450 1671 1512 unica
1685 1449 1789 1512 sasina
1804 1470 1888 1511 nune

480 1555 606 1640 prefato
621 1554 762 1617 Domino
783 1551 918 1616 Claudio
942 1552 1169 1616 Hammiltoun
1192 1560 1226 1616 et
1248 1552 1363 1616 dehinc
1385 1553 1534 1617 omnibus
1556 1551 1756 1639 temporibus
1771 1552 1888 1615 futuris

478 1657 646 1722 heredibus
661 1658 724 1720 snis
737 1656 892 1733 masculis,
903 1658 1072 1742 assignatis
1084 1664 1117 1720 et
1132 1657 1361 1721 successoribus
1372 1656 1479 1721 danda
1493 1656 1582 1743 apud
1596 1657 1775 1721 Pretorium
1793 1654 1885 1740 burgi

479 1762 579 1826 nostri
594 1760 634 1824 de
650 1759 775 1847 l’aislay
790 1759 892 1824 stabit
906 1761 1013 1846 eisque
1027 1761 1089 1823 erit
1104 1759 1257 1823 sufficiens
1273 1761 1376 1823 sasina
1388 1783 1447 1846 pro
1459 1759 1548 1824 dicto
1561 1761 1687 1845 integro
1699 1759 1842 1824 dominio
1853 1766 1887 1824 et

479 1865 612 1929 baronia
630 1864 671 1928 de
693 1863 818 1950 Paislay
834 1865 961 1928 nouiter
986 1865 1108 1942 erectis,
1130 1887 1167 1927 ac
1191 1888 1250 1951 pro
1273 1864 1420 1928 omnibns
1443 1872 1478 1928 et
1500 1863 1633 1949 singulis
1655 1863 1887 1950 prenominatis

480 1969 583 2046 terris,
601 1968 751 2046 baroniis,
774 1967 903 2032 decimis
925 1967 1108 2052 garbalibus
1131 1969 1353 2054 suprascriptis
1376 1967 1514 2044 inclusis,
1534 1966 1688 2044 turribus,
1709 1966 1888 2044 fortaliciis,

480 2071 686 2148 maneriebns,
715 2071 819 2156 burgo
849 2073 991 2158 superins
1021 2072 1213 2158 specificato,
1244 2071 1444 2148 molendinis
1476 2070 1635 2148 multuris‚
1660 2071 1759 2147 siluis,
1785 2071 1885 2157 pisca-

482 2176 632 2252 tionibus,
669 2177 820 2252 tenentis,
851 2174 1036 2251 tenandriis,
1064 2174 1161 2238 libere
1186 2176 1365 2240 tenentium
1392 2176 1541 2252 seruitiis,
1571 2174 1748 2239 feudifirme
1778 2175 1887 2247 firmis,

477 2283 591 2346 annuis
614 2280 802 2356 redditibus,
824 2279 978 2354 censibus,
1001 2278 1234 2365 regalitatibus,
1257 2279 1547 2366 superioritatibus,
1568 2281 1711 2356 annexis,
1726 2281 1887 2357 connexis,

477 2411 514 2450 ac
538 2410 596 2472 pro
611 2385 758 2449 omnibus
774 2384 844 2447 aliis
860 2385 1002 2469 superius
1017 2385 1164 2471 repetitis
1179 2385 1326 2469 quamuis
1349 2384 1405 2448 hec
1425 2383 1534 2448 eadem
1550 2391 1609 2448 aut
1626 2383 1796 2448 earundem
1813 2407 1887 2470 pars

477 2491 586 2576 aliqua
607 2489 702 2554 simul
724 2497 758 2552 et
784 2489 935 2573 contigue
962 2511 1025 2551 non
1045 2489 1175 2575 jacent:
1203 2490 1449 2552 TENENDAS
1471 2496 1505 2553 et
1526 2490 1777 2552 HABENDAS
1800 2495 1887 2554 totas

477 2603 510 2659 et
531 2596 671 2680 integras
693 2594 929 2680 prenominatus
953 2599 1063 2669 terras,
1087 2591 1264 2656 dominium
1289 2601 1323 2656 ct
1349 2592 1513 2657 baroniam
1540 2592 1580 2656 de
1607 2592 1732 2680 Paislay
1759 2593 1888 2657 nouiter

476 2707 596 2763 erectas
618 2698 817 2760 continentes
840 2697 872 2759 in
889 2718 920 2757 se
945 2695 1182 2782 particulariter
1205 2703 1244 2759 ut
1266 2695 1444 2782 predictum
1468 2704 1526 2772 est,
1549 2698 1668 2760 Omnes
1690 2703 1724 2760 et
1746 2694 1887 2781 singulas

477 2801 636 2889 predictas
673 2808 784 2875 terras,
815 2798 972 2875 baronias,
1004 2798 1142 2862 decimas
1180 2797 1326 2876 inclusas,
1364 2807 1476 2874 turres,
1513 2798 1684 2876 fortalicia,
1720 2800 1887 2877 manerias,

475 2906 613 2990 burgum
636 2904 959 2991 snpraspecificatum,
982 2902 1174 2980 molendina,
1201 2902 1369 2979 multurae,
1396 2903 1502 2980 siluas,
1525 2904 1727 2989 piscationes,
1752 2905 1885 2980 fructus,

475 3009 629 3084 redditus,
659 3007 885 3084 emolumenta,
915 3029 1037 3070 annuos
1062 3004 1207 3070 redditus
1231 3007 1414 3071 feudelirme
1440 3009 1556 3085 finnus,
1582 3031 1703 3084 census,
1728 3007 1885 3086 deuorias,

475 3112 688 3188 casualimtes,
703 3134 837 3186 annexa,
850 3133 1003 3184 connexa,
1019 3117 1174 3184 tenentes,
1190 3110 1368 3186 tenandria,
1384 3117 1418 3174 et
1435 3110 1533 3175 libere
1548 3113 1726 3176 tenentium
1744 3113 1886 3190 seruitia,

474 3216 671 3301 regaliam,
694 3215 912 3290 iusticiariam,
938 3213 1050 3290 officia,
1076 3213 1318 3292 iurisdictiones,
1343 3215 1525 3301 priuilegia,
1548 3217 1799 3302 superioritatem,
1826 3217 1885 3280 im-

476 3320 660 3396 munitates,
676 3325 709 3382 et
730 3318 795 3382 alia
809 3340 997 3404 quecunque
1020 3325 1086 3382 tarn
1110 3319 1143 3381 in
1165 3341 1280 3403 genere
1295 3341 1391 3403 quam
1409 3319 1440 3381 in
1465 3319 1568 3405 specie
1588 3321 1732 3406 superius
1747 3320 1886 3406 repetita

477 3425 604 3510 prefato
630 3423 772 3486 Domino
798 3420 934 3484 Claudio
956 3421 1194 3500 Hammiltoun,
1218 3423 1281 3485 suis
1302 3421 1469 3486 heredibus
1493 3423 1639 3486 masculis
1661 3432 1695 3488 et
1716 3424 1886 3510 assignatis
1937 3427 1944 3450 '¹

474 3526 646 3592 antedictis
661 3525 701 3590 de
717 3525 808 3589 nobis
820 3531 853 3588 et
868 3524 1097 3589 successoribus
1109 3527 1225 3589 nostris
1237 3526 1271 3588 in
1286 3524 1380 3589 feodo
1396 3525 1574 3590 hereditate
1589 3533 1622 3590 et
1637 3527 1738 3592 libera
1753 3527 1887 3592 baronia

475 3630 724 3716 imperpetuum,
740 3649 796 3712 per
811 3649 919 3690 omnes
935 3633 1036 3689 rectas
1059 3634 1160 3690 metas
1181 3650 1252 3691 suas
1267 3627 1418 3712 antiquas
1433 3634 1467 3690 et
1481 3626 1600 3691 diuisas
1615 3635 1713 3714 prout
1724 3628 1837 3714 jacent
1852 3630 1886 3693 in

475 3732 678 3818 longitudine
689 3739 723 3796 et
735 3729 919 3803 latitudine,
930 3731 962 3792 in
972 3731 1095 3806 castris,
1104 3731 1258 3807 turribus,
1267 3731 1444 3809 fortaliciis,
1453 3730 1612 3807 domibus,
1621 3731 1764 3812 edificiis,
1773 3733 1886 3805 boscis.

476 3837 590 3925 planis,
607 3836 711 3913 moris,
728 3835 895 3912 marresiis,
911 3835 980 3908 viis,
1003 3835 1133 3908 semitis,
1149 3835 1251 3920 aquis,
1266 3836 1398 3920 stragula,
1421 3834 1541 3914 riuolis,
1564 3837 1675 3922 pratis,
1699 3839 1824 3924 pascuis
1852 3845 1887 3904 et

475 3943 623 4029 pasturis,
640 3938 840 4014 molendinis,
857 3935 1004 4000 multuris
1020 3944 1053 4000 et
1071 3959 1179 4000 eorum
1195 3939 1339 4024 sequeliS,
1355 3939 1634 4026 aucupationibus,
1650 3942 1886 4022 venationibus,

474 4043 715 4133 piscationibus,
731 4043 874 4128 petariis,
889 4040 1052 4117 turbariis
1067 4039 1268 4118 carbonibus,
1281 4042 1485 4121 carbonariis,
1498 4044 1662 4123 cuniculis,
1673 4046 1887 4123 cuniculariis‚

473 4147 639 4223 columbis,
654 4144 858 4209 columbariis
873 4142 1052 4219 fabrilibus,
1067 4142 1211 4220 brasinis,
1228 4143 1361 4208 brueriis
1376 4153 1410 4209 et
1423 4149 1574 4232 genestiS,
1589 4148 1687 4226 siluis,
1704 4150 1887 4216 nemoribus

474 4260 508 4316 et
532 4249 690 4336 virgultis,
715 4249 820 4333 lignis,
844 4248 953 4332 tignis,
979 4245 1148 4333 lapicidiis,
1174 4246 1280 4333 lapide
1304 4256 1338 4312 et
1360 4250 1455 4324 calce,
1478 4274 1549 4314 cum
1566 4251 1635 4330 sok,
1650 4252 1717 4328 sak,
1733 4254 1812 4334 fink,
1827 4256 1887 4333 fos,

475 4356 575 4431 thole,
600 4354 717 4429 theme,
745 4353 857 4436 inthng
882 4351 973 4425 theif,
989 4350 1126 4435 outfang
1149 4351 1242 4427 theif,
1271 4352 1331 4437 pit,
1355 4360 1414 4439 pot
1440 4361 1474 4417 et
1499 4355 1633 4440 gallous,
1649 4381 1721 4421 cum
1742 4361 1838 4422 curiis
1853 4368 1888 4424 et

474 4482 581 4524 earnm
608 4455 760 4530 exitibus,
783 4452 964 4528 herezeldis,
987 4451 1177 4517 bludeuittis
1199 4461 1233 4516 et
1256 4454 1423 4519 mulierum
1440 4459 1618 4537 nrerchetiS,
1633 4463 1683 4524 Ac
1698 4463 1797 4526 etiam
1813 4486 1885 4527 cum

474 4560 621 4628 omnibus
645 4559 744 4632 siluis,
759 4556 866 4620 liberis
891 4556 1042 4632 funestis,
1064 4556 1169 4632 curiis,
1192 4557 1368 4642 priuilegiis
1390 4567 1423 4622 et
1450 4559 1655 4626 libertatibus
1677 4563 1885 4630 forrestarum

473 4665 656 4738 liberarum,
671 4660 821 4736 exitibus,
836 4660 979 4722 eschaetis
1002 4666 1035 4722 et
1057 4659 1310 4724 arricta-lamentis
1328 4662 1499 4727 earundem
1522 4665 1555 4728 in
1574 4667 1722 4731 onmibus
1737 4669 1886 4754 partibus

475 4765 704 4855 prenominatis
720 4761 923 4826 baroniarum
940 4760 1120 4846 ubicunque
1131 4759 1194 4845 aliq
1201 4783 1237 4823 ue
1249 4761 1327 4824 silue
1338 4771 1396 4826 aut
1409 4765 1541 4830 funeste
1552 4768 1742 4856 abantiquo
1754 4772 1887 4838 fuerunt

475 4869 524 4934 vel
536 4866 734 4955 temporibus
746 4864 862 4929 futuris
875 4871 980 4938 erunt,
989 4885 1060 4926 cum
1074 4862 1170 4940 sarak,
1181 4865 1282 4940 waire,
1296 4874 1407 4931 vertet
1421 4871 1582 4948 renimun,
1591 4895 1629 4936 ac
1638 4897 1710 4938 cum
1722 4879 1885 4941 communi

475 4971 610 5069 pasturi,
625 4969 788 5062 liberoque
804 4967 940 5036 introitu
955 4973 990 5031 et
1003 4967 1104 5042 exitu,
1119 4989 1156 5029 ac
1171 4966 1317 5034 omnibus
1332 4969 1402 5032 aliis
1418 4971 1633 5057 libertatibus,
1644 4977 1886 5052 commoditati-
